,date,screen_name,tweet,tweet_id
0,2020-09-30 23:55:48,kohjijapan,"【レビュー募集案件】

#スマートウォッチ

スマートウォッチのレビューを募集しています。
色はブラックとゴールドです。

女性にとってとても優しい、生理周期や排卵日、体調の変化が予測できる機能もあります。

#Amazon
#Amazonレビュー
#レビュー募集中
#レビュー募集
#レビュアー https://t.co/RqFknKv73O",1.3114547318946243e+18
1,2020-09-30 23:57:46,livfisher,I just posted Trump signs at my house today 20 mins before this #amazon alert. Coincidence? 100s of packages...never had a single issue before. IT IS OKAY TO SUPPORT TRUMP. OR BIDEN. OR JORGENSEN. #KindnessMatters https://t.co/BnhOpb3Aka,1.3114552277285847e+18
2,2020-09-30 23:48:18,barcasafiesta,ワンちゃんの服 KENNY とても着心地の良いパイル地です パープルpurple XSsize https://t.co/ZiPtnM52LD #Amazon,1.3114528438537708e+18
3,2020-09-30 23:58:55,tmsl_info,"[フォクスセンス] ビジネスシューズ 本革 Uチップ 革靴 紳士靴 メンズ ドレスシューズ | Foxsense(フォクスセンス) | ビジ ...
価格: ￥9,580
https://t.co/MIsRGsqMoy
#Amazon #タイムセール",1.3114555157932196e+18
4,2020-09-30 23:49:41,barcasafiesta,ワンちゃんの服 KENNY とても着心地の良いパイル地です オレンジorange XSsize https://t.co/J2ZpVVf9rF #Amazon,1.3114531923669565e+18
5,2020-09-30 23:47:05,Tetsuji_Miura,"AIC Recommendation Book 
頭のよさとは「ヤマを張る技術」のことである https://t.co/f9rSIQFdSP #Amazon",1.3114525399429202e+18
6,2020-09-30 23:57:04,amzn_deals_us,https://t.co/5O5bawTF5e Everlasting Comfort Office Foot Rest Under Desk - Pure Memory Foam - Orthopedic Teardrop Curve Design - Non-Slip Bottom (Black) #Amazon #Deal https://t.co/YqVodQacCK,1.3114550517523866e+18
7,2020-09-30 23:51:06,amzn_deals_de,https://t.co/Kw665KvzTL Sixspace Herren Damen Badeschuhe Wasserschuhe Aquaschuhe Strandschuhe Schnell Trocknend Slip on Breathable Schwimmschuhe Surfschuhe für Beach Pool Surfen Yoga #Amazon #D https://t.co/9VpsGa1vjO,1.3114535484256788e+18
8,2020-09-30 23:59:11,ouchi_school,"もうトイトレも終わったしと、手放す本の山に置いたこの本を上の子が手に取って音読し始めた。

内容は今の子どもに合ってるわけじゃないけど、読みの練習には丁度いい？このくらいのレベルのものは敢えて手に取れるように目につく場所に置く？

A Potty for Me! https://t.co/YTYikbs4vy #Amazon",1.3114555854186332e+18
9,2020-09-30 23:58:47,irenetretiak1,The Winemaker's Wife https://t.co/T9bDIvNGq0 #Amazon,1.3114554851957678e+18
10,2020-09-30 23:51:55,scorpian222,"Last Chance! Would you like to win a $50 Amazon Gift Card or PayPal Deposit? Check out this easy entry Gleam giveaway for a chance to #WIN

Open Worldwide

@GooseGiveaways #wingiftcard #wincash #amazon #paypal #winmoney #sweepstakes #giveaways https://t.co/27Ozum3LrC",1.311453754697212e+18
11,2020-09-30 23:55:31,rakten_kaden_,"10/01 08:55

パナソニック【Panasonic】シェーバー用替刃
【楽天】6200円
【Amazon】6700円

★楽天で購入すると★
 500円 お得（お得率8％）

↓お得な情報を一覧で確認出来るサイト
https://t.co/kMQYxgL6Rh

#楽天市場 #Amazon #お得 #せどり https://t.co/BHc28Y4tjU",1.3114546595764306e+18
12,2020-09-30 23:47:29,barcasafiesta,ワンちゃんの服 KENNY とても着心地の良いパイル地です パープルpurple Ssize https://t.co/kAgoUNfyy2 #Amazon,1.311452639440167e+18
13,2020-09-30 23:48:31,EzraEllis360,"Amazon accelerator virtual course for amazon sellers.

#amazonevents #sellerlabs 
#thanks #sandiego #amazonsellercentral #businessmarketing #businessgrowth #amazon #amazonseller #amazonfba #onlinesales #amazonsellercentral #ecom #sellingonamazon #fba #fbaseller #onlinebusiness https://t.co/SCiKHUAAIJ",1.3114528986440335e+18
14,2020-09-30 23:48:35,TheInStockRoom,"***New Deal***
Bioré 6.8-oz. Deep Pore Charco...
Reduced from $8 to $4 via Sub &amp; Save
https://t.co/jeSMoNn2A3
#Deals #newDeals #savings #Amazon https://t.co/3GrBF5Jfte",1.31145291652028e+18
15,2020-09-30 23:51:49,graveytrain65,@therichwilson Thank you for the results. I got this slicer and it sliced my coppa and provolone cheese. Just an idea for a meat slicer. Meat Slicer Electric Deli Food... https://t.co/Lfgb5a2JOH #Amazon,1.3114537282396938e+18
16,2020-09-30 23:50:15,gautio5,"""3日目にはAppleのCEOであるティム・クック氏の純資産をも超えます。""
#Amazon
#大富豪

「時給80万円で2000年働いてもAmazonのCEOジェフ・ベゾスの富には追いつけない」などいかにベゾスがお金持ちなのかがよくわかるムービーが公開中 - GIGAZINE https://t.co/xubJbb85IU",1.311453337724756e+18
17,2020-09-30 23:52:38,DataAugmented,Snag a Purea Infrared Forehead Thermometer for Just $24 https://t.co/Gzmsubl1d9 #kinjadeals #amazon #deals,1.311453933429117e+18
18,2020-09-30 23:51:13,z0_0z,"#Amazon USがXboxSeriesXと #PS5 の購入者に、『いずれかのゲーム機を予約した場合、発売日に間に合うようにゲームを受け取れない可能性がある』ってメールを送ったらしい

https://t.co/9YTZ9udOBqで注文した人にも届いてるんだろうか

通常版PS5が #ヨドバシ で当選した私は、発売日に届くよね？",1.3114535787965235e+18
19,2020-09-30 23:47:09,amzn_deals_de,"https://t.co/M2JcPdhppQ Rankie Verbindungskabel HDMI auf DVI, 1080P CL3 Bewertet Hoch Geschwindigkeit Bidirektionale Kabel, 1,8m, Schwarz #Amazon #Deal https://t.co/rIxin2rjXg",1.3114525542918267e+18
20,2020-09-30 23:55:10,ginta61,"楽天ランキングNo,1
50枚入り【送料無料】
大量マスク買いはこちらです|ω·）

https://t.co/1zGrICfgkO

#Amazon
#マスク
#楽天
#コロナ",1.311454571831599e+18
21,2020-09-30 23:54:54,EscribeCatalina,"#QueLeer #YoLeo #Autopublicación en #Amazon 
🔹Ázdeli Lidot... y el jinete del unicornio🔹🔷
🔘https://t.co/UmZgEtuaWU    

Podéis #leer mis #libros en #KDP #KindleUnlimited #LecturasDeOtono #CadaFamiliaUnaEscuela #Novelajuvenil #LibrosJuveniles #KatyNúñez #SerMejorQueAyer #Hoy https://t.co/rvi2JbdZgx",1.311454503766569e+18
22,2020-09-30 23:57:08,Yasmeenati,Join me in asking @FP_Champagne not to reward the destruction of the #Amazon! 🔥🔥 Immediately halt the Canada-Mercosur free trade deal &gt;&gt; #ActForAmazon #ClimateAction @GreenpeaceCA https://t.co/uZAIP8sZYe,1.311455068122755e+18
23,2020-09-30 23:48:13,dealtikka,"Buy TARSE Womens Casual Tops Crew Neck Long Sleeves High Low Oversized Sweatshirt #Dailydeals #Discounts #HotDeals #Sale #Amazon #Coupons #Deals #USA https://t.co/iJckZ7jbHv

https://t.co/iJckZ7jbHv",1.3114528219009966e+18
24,2020-09-30 23:59:49,kohjijapan,"【レビュー募集案件】

#サイクロン掃除機

パワフルな吸引力。18000Paの吸引力は紙吹雪・髪の毛・ホコリ・砂など日常生活で出てくるゴミをキッチリと吸い取ってくれます。エアコンのフィルターのお掃除、車のお掃除、洗濯機のドラムのみぞの髪の毛つまりのお掃除などにいかがですか？
#Amazon https://t.co/x7A6Yqudyx",1.3114557428602225e+18
25,2020-09-30 23:51:03,nasayihsuso,"皆様お待ちかねの星評価のみ案件来ました💫
精力剤と媚薬のレビューを募集中ですm(_ _)m

星のみ→商品代+300円💰
文章付き→商品代+800円💸
返金時の手数料も販売元様負担💡

ご連絡お待ちしておりますm(_ _)m

#Amazon
#amazonレビュー 
#レビュー募集 
#無料
#報酬 https://t.co/fxy2cN2YIN",1.3114535362033377e+18
26,2020-09-30 23:54:00,InterflonUSA,"""Best lube ever!"" 
https://t.co/7Gw5Bfsgf1
#interflon #finsuper #bike #cycling #cyclist #mtb #roadbike #chains #chainlube #rust #corrosion #amazon #fivestar #review",1.3114542782639882e+18
27,2020-09-30 23:53:39,MundoTool,"🤩 Dale un toque diferente a los focos en tu hogar con los iluminarios decorativos de led que podrás encontrar en Mundo Tool Ferreterías 💡

#MundoTool #iluminarios #led #decoración #Iluminación #focos #accesorios #luz #ferreteros #ferreteria #MercadoLibre #Amazon #ClaroShop https://t.co/lnhLxZYeup",1.3114541894076867e+18
28,2020-09-30 23:50:30,rakten_kaden_,"10/01 08:50

炊飯器 一人暮らし 3合 RC-MC30送料無料 
【楽天】6380円
【Amazon】6480円

★楽天で購入すると★
 100円 お得（お得率2％）

↓お得な情報を一覧で確認出来るサイト
https://t.co/kMQYxgL6Rh

#楽天市場 #Amazon #お得 #せどり https://t.co/sQYjOi721Q",1.3114533998297702e+18
29,2020-09-30 23:59:31,popke10,GIVEAWAY! Enter to #win a $10 #Amazon gift card? Go enter the #giveaway daily for your chance to win from @thatsjustjeni Go enter   https://t.co/8ABZgZwlHB,1.3114556670945116e+18
30,2020-09-03 18:26:48,LenovoLegion,"Lenovo Legion x @PlayApex
Now is your chance to rise above the rest. 
Unmatched performance, purposeful engineering, modern design.
Gear up with a machine as savage as you are.
Stylish outside.
Savage inside.",1.301587465258578e+18
31,2020-09-30 23:57:42,hionas12,"Last Chance! Would you like to win a $50 Amazon Gift Card or PayPal Deposit? Check out this easy entry Gleam giveaway for a chance to #WIN

Open Worldwide

@GooseGiveaways #wingiftcard #wincash #amazon #paypal #winmoney #sweepstakes #giveaways https://t.co/PZVWK2nkxa",1.3114552095462769e+18
32,2020-09-30 23:49:53,PhwdYfnd8PMNFf8,"身元特定して発売日に逮捕したれ‼️

#Amazon 
#XboxSeriesX 
#転売ヤー撲滅 
#転売ヤー 
#つかまれ転売ヤー #つか転 https://t.co/JkZSHPHSNw",1.3114532451689677e+18
33,2020-09-30 23:57:06,16822012,"@orie13a ノンアルコール清酒 月桂冠スペシャルフリー 245ML 1本 https://t.co/7GT8zi9NfG #Amazon
発展途上のノンアル日本酒なんですが、これは割と健闘してまして、日本酒飲みたくてたまらないときにちょっと気が紛れます！！",1.3114550605015245e+18
34,2020-09-30 23:49:41,XperienceDope,"Blasting Rick James - Mary Jane right now on Pretty Dope Xperience Radio aka #BlackPandora

listen now and catch a wave!! https://t.co/VqKFopeoex  #nowplaying #np #RT  #NowStreaming #Streema Download Now #Alexa #GooglePlay #iOSAppStore #Amazon #",1.3114531926397215e+18
35,2020-09-30 23:50:11,amzn_deals_de,"https://t.co/3oQzPKJ9vN SAGUARO Unisex Barfußschuhe Weich Leicht rutschfest Fitnessschuhe Laufschuhe Atmungsaktiv Tragbar, Outdoor &amp; Indoor #Amazon #Deal https://t.co/KpWeCcnOcY",1.3114533177725215e+18
36,2020-09-30 23:55:11,amzn_deals_us,https://t.co/iMOOhFLrHy BENCMATE Protective Inflatable Collar for Dogs and Cats - Soft Pet Recovery Collar Does Not Block Vision E-Collar #Amazon #Deal https://t.co/XjY20XHbo8,1.311454578001535e+18
37,2020-09-30 23:54:29,XperienceDope,"Blasting Rihanna - Spliff right now on Pretty Dope Xperience Radio aka #BlackPandora

listen now and catch a wave!! https://t.co/VqKFopeoex  #nowplaying #np #RT  #NowStreaming #Streema Download Now #Alexa #GooglePlay #iOSAppStore #Amazon #",1.3114543997645414e+18
38,2020-09-30 23:48:44,barcasafiesta,ワンちゃんの服 KENNY とても着心地の良いパイル地です カーキkhaki XSsize https://t.co/bs0ZozUMYV #Amazon,1.3114529550028513e+18
39,2020-09-30 23:55:00,shadowconn,"Poets &amp; Writers Magazine

https://t.co/P922nvAvGb

#amazon @amazon #fiction #writing",1.3114545296496067e+18
40,2020-09-30 23:48:41,CoolDealCA,"💲💰
Bioré 6.8-oz. Deep Pore Charco...
Reduced from $8 to $4 via Sub &amp; #Save

# #Deals #new #Deals #savings #Amazon  #Deal #ganga

 https://t.co/jb8vsP1igf",1.311452940272644e+18
41,2020-09-30 23:50:06,barcasafiesta,ワンちゃんの服 KENNY とても着心地の良いパイル地です イエローyellow XSsize https://t.co/gWlaEUE1fM #Amazon,1.311453298264744e+18
42,2020-09-30 23:56:56,Jnb_710,GIVEAWAY! Enter to #win a $10 #Amazon gift card? Go enter the #giveaway daily for your chance to win from @thatsjustjeni Go enter   https://t.co/1Dkx2vTZFW,1.3114550191122964e+18
43,2020-09-30 23:59:24,creativemm12,"&lt;Current Weather&gt;
Los Angeles
Temperature: 95.32°F/ Status: clear
👉https://t.co/SvBO2ff7BZ #amazon👈
💯👉Auto Follower👈💯
💯👉#自動相互フォロー👈💯

#followergenerator
#Atlanta #Braves
#ABC #news
#Disney
#FollowNGain
#TeamFollowback
#f4f
#相",1.3114556401586913e+18
44,2020-09-30 23:47:52,barcasafiesta,ワンちゃんの服 KENNY とても着心地の良いパイル地です カーキkhaki Ssize https://t.co/kB0mmxIHCU #Amazon,1.3114527358966497e+18
45,2020-09-30 23:58:02,cinescondite,"Ya empieza el mes del terror en #Netlflix #Amazon y #HBO

Así que @elemicine les trae TODAS las novedades en las plataformas para este mes de octubre, que llega RE CARGADO de contenido.

Pasen, vean, saluden. 👇

👉 https://t.co/rWCS6RfKou 👈 https://t.co/Oz5OgYNPMp",1.3114552942460723e+18
46,2020-09-30 23:56:23,Charlie_Cawood,"Toni Braxton - Long As I Live #bigtimeradio https://t.co/N76xPoatRr @Charlie_Cawood @BigTimeRadio1 @bigtime_news
 on #Amazon Echo &amp; App https://t.co/c7cZfm4MQo  #Top40 #Music 247 #Worldwide 3 #Radio #Stations 43 #Countries #Interviews #Billboard https://t.co/JiPHr6jZyC  #SUBMI",1.3114548795341906e+18
47,2020-09-30 23:49:13,barcasafiesta,ワンちゃん服 KENNY とても着心地の良いパイル地です ベージュbeige XSsize https://t.co/yncgRN4X1m #Amazon,1.3114530744818442e+18
48,2020-09-30 23:49:35,fortnitepapa,"おはようございます😃

1日頑張りましょう！

#Fortnite
#フォートナイト
#エンジョイ勢
#ps5             
#ps4
#Amazon
#欲しい物リスト
#建築バトル
#フォロバ100
＃ゲーム
#フォートナイトおじさん",1.3114531663329075e+18
49,2020-09-30 23:51:37,creativemm12,"#ジャングル の 【最新版】筆ぐるめ 27/年賀状/年賀状作成/はがき
https://t.co/8MPIHTE35r
#拡散希望RTお願いします
#미국구매대행
#amazon
#Deonte #Lee #Murray
#Shanann #Watts
#天文台",1.3114536785790607e+18
,date,screen_name,tweet,tweet_id
0,2020-09-30 23:38:13,dealtikka,"Buy Women Pink Short Curly Wavy Wig #Dailydeals #Discounts #HotDeals #Sale #Amazon #Coupons #Deals #USA https://t.co/h7C1zkhStz

https://t.co/h7C1zkhStz",1.3114503086111334e+18
1,2020-09-30 23:44:45,dealtikka,"Buy Rainbow Scratch Paper for Kids #Dailydeals #Discounts #HotDeals #Sale #Amazon #Coupons #Deals #USA https://t.co/hVefJPPZsS

https://t.co/hVefJPPZsS",1.3114519524553236e+18
2,2020-09-30 23:44:50,dealtikka,"Buy 6 Packs Passion Twist Hair 18 Inch Long Passion Twist Crochet Hair #Dailydeals #Discounts #HotDeals #Sale #Amazon #Coupons #Deals #USA https://t.co/oBWEXGRq3a

https://t.co/oBWEXGRq3a",1.3114519716861952e+18
3,2020-09-30 23:44:48,dealtikka,"Buy 6PCS Dual Heads Blackhead Remover #Dailydeals #Discounts #HotDeals #Sale #Amazon #Coupons #Deals #USA https://t.co/uZtfQGEDjK

https://t.co/uZtfQGEDjK",1.3114519623706747e+18
4,2020-09-30 23:42:24,miumiuMH,"棚からぼたもちってのはよ、要するに運がいいってことだべ。
運がいいって事は神様から愛されてるってことだ。（中略）神様たちも楽しいのが好きだから自然と集まってくるわけさ。結局、神様が集まる所にこそ運が開けるってわけよ。

たまちゃんのおつかい便 https://t.co/a2bbysRZoK… #Amazon",1.311451360777302e+18
5,2020-09-30 23:43:51,konvweb,"#BookPromotion #Paperback
@amazonDE #Amazon @AmazonKDP #reiseinsverderben #KindleUnlimited #Kindle #kindlebook #buch #zitat #novel #Roman #author #book #Lesen 

741 spannende Seiten! 

#Autorenseite Konstantin von Weberg 
https://t.co/8cV4X6bB90",1.311451724809302e+18
6,2020-09-30 23:40:29,beterugift,"🚀各種ギフト券が業界最安値🚀

Amazon🤩71.5％～🤩業界最安🎉
iTunes🌟76.5％～🌟業界最安🎉
GooglePlay💫76.5％～💫業界最安🎉
nanaco🔥97.5％～🔥
ビットキャッシュ☀️79％～☀️

ANA・JAL株主優待券 1800円～

🔽ベテルギフト
https://t.co/CStJb6oriA

#Amazonギフト券 #アマギフ #iTunes #Amazon",1.311450876679086e+18
7,2020-09-30 23:44:46,dealtikka,"Buy Metallic Marker Pens for Kids #Dailydeals #Discounts #HotDeals #Sale #Amazon #Coupons #Deals #USA https://t.co/OAYsHMm4l9

https://t.co/OAYsHMm4l9",1.3114519576729354e+18
8,2020-09-30 23:42:51,myu_1226,"人気 男女 おしゃれ 秋冬 裹起毛 防寒 厚手 長袖 スウェット/コート/アウター/上着/ジャケット/ジャンパー ベビー服 女の... https://t.co/GThMKSkXkg #Amazon

コートじゃないなー。。",1.3114514734321254e+18
9,2020-09-30 23:44:54,dealtikka,"Buy Portable CD Player, HOTT Compact Personal Bluetooth CD Player #Dailydeals #Discounts #HotDeals #Sale #Amazon #Coupons #Deals #USA https://t.co/gQnbLWz028

https://t.co/gQnbLWz028",1.311451988928934e+18
10,2020-09-30 23:42:19,writeright4u,"@KA_Raines 5-STARS! ""I couldn't stop reading this amazing page-turning, spine-chilling #thriller. You won't put it down!"" #Amazon #bookreview
Books 1-3 only $2.99/ech on #Kindle. Free on #KindleUnlimited. 
#IARTG #mustread #paranormal #mystery  
https://t.co/CrJGrOWMc5 https://t.co/qSaaoA3yyt",1.311451340644778e+18
11,2020-09-30 23:45:54,msmriyaz,I seem to use #Amazon more often than #eBay now for the fact the delivery of goods on promised date seem excellent with Amazon. #Delivery #online #purchase,1.3114522421263688e+18
12,2020-09-30 23:44:51,dealtikka,"Buy Hair Dryer Brush #Dailydeals #Discounts #HotDeals #Sale #Amazon #Coupons #Deals #USA https://t.co/E17gj94TMX

https://t.co/E17gj94TMX",1.311451976828416e+18
13,2020-09-30 23:44:01,allthingssvegan,"These guys are my fav

#Amazon #Vegan #veganrecipes

https://t.co/2bfX2LnjIO",1.311451767612334e+18
14,2020-09-30 23:45:57,dealtikka,"Buy Wireless Charging for Home and Office Ultra-Thin Fast Charging Pad #Dailydeals #Discounts #HotDeals #Sale #Amazon #Coupons #Deals #USA https://t.co/JXMH71AMkF

https://t.co/JXMH71AMkF",1.3114522549778227e+18
15,2020-09-30 23:38:56,ichweissnicht_o,#Amazon https://t.co/cUyarl6Lh4,1.31145048790904e+18
16,2020-09-30 23:38:20,saterauranai,"ヴィスコンティ・スフォルツァ版 ザ・ゴールデンタロット https://t.co/XFbcBeqSAH #Amazon
ヴィスコンティ・スフォルツァタロット日本版出版記念で少人数でグループレッスンしたいなあ
計画中",1.3114503371238154e+18
17,2020-09-30 23:38:14,dealtikka,"Buy 2-in-1 Flat Iron Hair Straightener and Curler #Dailydeals #Discounts #HotDeals #Sale #Amazon #Coupons #Deals #USA https://t.co/Kh3jhFEWni

https://t.co/Kh3jhFEWni",1.311450313170264e+18
18,2020-09-30 23:45:33,Real_Bootz,3 years ago I was skeptical about paying for Amazon prime. Now I can’t live without it. #Amazon,1.3114521514077348e+18
19,2020-09-30 23:44:44,dealtikka,"Buy Pull Back Dinosaur Car Set of 4 #Dailydeals #Discounts #HotDeals #Sale #Amazon #Coupons #Deals #USA https://t.co/W5PLm3PsHk

https://t.co/W5PLm3PsHk",1.3114519477073715e+18
20,2020-09-30 23:40:29,rakten_kaden_,"10/01 08:40

【納期約7〜10日】★★TIGER タイガー コー
【楽天】6575円
【Amazon】7129円

★楽天で購入すると★
 554円 お得（お得率8％）

↓お得な情報を一覧で確認出来るサイト
https://t.co/kMQYxgL6Rh

#楽天市場 #Amazon #お得 #せどり https://t.co/6jd2YAY8H1",1.31145087966967e+18
21,2020-09-30 23:40:09,creativemm12,"👉https://t.co/bCjqmj6k1S #amazon👈
💯👉Auto Follower👈💯
💯👉#自動相互フォロー👈💯

#followergenerator
#Palantir
#ABC #news
#NPR
#TFW
#followergenerator
#f4f
#RT企画
#拡散希望RTお願いします
#TeamFollowback
#bts
#seventeen",1.311450795452199e+18
22,2020-09-03 18:26:48,LenovoLegion,"Lenovo Legion x @PlayApex
Now is your chance to rise above the rest. 
Unmatched performance, purposeful engineering, modern design.
Gear up with a machine as savage as you are.
Stylish outside.
Savage inside.",1.301587465258578e+18
23,2020-09-30 23:46:09,XperienceDope,"Blasting Follow our twitter! - @XperienceDope right now on Pretty Dope Xperience Radio aka #BlackPandora

listen now and catch a wave!! https://t.co/VqKFopeoex  #nowplaying #np #RT  #NowStreaming #Streema Download Now #Alexa #GooglePlay #iOSAppStore #Amazon #",1.311452302096638e+18
24,2020-09-30 23:45:12,CoolDealCA,"Sun Joe Electric Leaf Blower only $17.24!!

#freebies #deals #deal #moneysaver #greatdeal #steals #discount #sale #bargain #bargainhunter #cheap #bestprice #Amazon  #Deals #giveaway #Deal #ganga

 https://t.co/NQZRpWFtew https://t.co/tsandthxfJ",1.3114520659489833e+18
25,2020-09-30 23:45:14,konvweb,"#BookPromotion
#Ebook
@amazonDE #Amazon @AmazonKDP #reiseinsverderben #KindleUnlimited #Kindle #kindlebook #zitat #novel #Roman #author #Thriller #zitat 

741 spannende Seiten! 
Inhaltsverz. mit Sprungfunktion.

#Autorenseite Konstantin von Weberg 

https://t.co/ZRsChaKVBY",1.3114520728652268e+18
26,2020-09-30 23:38:46,BeverlyMagid,"At this time of focusing on the achievements of women I want to re-mention my 3 novels, all with female protagonists challenging the problems of their times: World War 2, Russian pogroms, NY sweat shops #beverlymagid.com, #amazon https://t.co/EmgiGd2ZCX",1.3114504475305247e+18
27,2020-09-30 23:44:43,dealtikka,"Buy Sight Word Games Learning Toys for Kids #Dailydeals #Discounts #HotDeals #Sale #Amazon #Coupons #Deals #USA https://t.co/JIx8WayYns

https://t.co/JIx8WayYns",1.3114519431397908e+18
28,2020-09-30 23:39:06,amzn_deals_de,https://t.co/7xAxMtmQ5p Hsyooes Damen Mokassin Bootsschuhe Leder Loafers Fahren Flache Schuhe Halbschuhe Slippers Erbsenschuhe (Bitte Bestellen Sie eine Nummer grosser) #Amazon #Deal https://t.co/7ap0fGTun9,1.3114505316892672e+18
29,2020-09-30 23:45:51,barcasafiesta,ワンちゃんの服 KENNYとても着心地の良いパイル地です ベージュbeige Ssize https://t.co/ohupeLjMxy #Amazon,1.3114522278448046e+18
30,2020-09-30 23:44:06,amzn_deals_de,https://t.co/E6bviOoHXk NASONBERG Sicherheitsschuhe Herren Damen Arbeitsschuhe Herren Leicht Atmungsaktiv Schutzschuhe mit Stahlkappe #Amazon #Deal https://t.co/UZ6m0HwZvh,1.3114517877030052e+18
31,2020-09-30 23:43:08,XperienceDope,"Blasting Scarface - Mary Jane  right now on Pretty Dope Xperience Radio aka #BlackPandora

listen now and catch a wave!! https://t.co/VqKFopeoex  #nowplaying #np #RT  #NowStreaming #Streema Download Now #Alexa #GooglePlay #iOSAppStore #Amazon #",1.3114515426843034e+18
32,2020-09-30 23:41:43,Charlie_Cawood,"Coldplay - Hymn for the Weekend #bigtimeradio https://t.co/N76xPoatRr @Charlie_Cawood @BigTimeRadio1 @bigtime_news
 on #Amazon Echo &amp; App https://t.co/c7cZfm4MQo  #Top40 #Music 247 #Worldwide 3 #Radio #Stations 43 #Countries #Interviews #Billboard https://t.co/JiPHr6jZyC  #SUBMI",1.3114511875946168e+18
33,2020-09-30 23:42:33,KCobra34,I love waiting so long for packages that come either damaged or not as advertised. Taking a break from online shopping. #Amazon #Poshmark,1.3114513958502072e+18
34,2020-09-30 23:44:49,dealtikka,"Buy Gel UV Nail Lamp #Dailydeals #Discounts #HotDeals #Sale #Amazon #Coupons #Deals #USA https://t.co/a2nkAwIpnu

https://t.co/a2nkAwIpnu",1.3114519670304686e+18
35,2020-09-30 23:45:30,rakten_kaden_,"10/01 08:45

扇風機 リモコン付き 静音 30cm 7枚羽根 L
【楽天】6480円
【Amazon】8392円

★楽天で購入すると★
 1912円 お得（お得率30％）

↓お得な情報を一覧で確認出来るサイト
https://t.co/kMQYxgL6Rh

#楽天市場 #Amazon #お得 #せどり https://t.co/VJS5IjrKC3",1.3114521396846797e+18
36,2020-09-30 23:47:05,barcasafiesta,ワンちゃんの服 KENNY とても着心地の良いパイル地です オレンジorange Ssize https://t.co/WiZhv8UryE #Amazon,1.3114525373550387e+18
37,2020-09-30 23:46:17,barcasafiesta,ワンちゃんの服 KENNY とても着心地の良いパイル地です チョコレートchocolate Ssize https://t.co/U8x0KIob2R #Amazon,1.31145233920777e+18
38,2020-09-30 23:46:41,barcasafiesta,ワンちゃんの服 KENNY とても着心地の良いパイル地です イエローyellow Ssize https://t.co/P8Yhv0nlBR #Amazon,1.311452439137067e+18
39,2020-09-30 23:44:23,myu_1226,"yuga☆ダッフル・ロンパース 70cm オーガニックコットン100% ベビー 服 男の子 女の子 兼用 アウターロンパース 出... https://t.co/Wkt02VQ98W #Amazon

コートじゃない…😥",1.3114518601972777e+18
40,2020-09-30 23:43:03,GeorgeParrish1,"#bluecallum #Executives #Directors #VP #Managers
#projectmanagers #Google #Amazon #Bechtold #Iqvia
#Versusgame #BusinessFrance #LaFrenchTech #ImpactUSA  #IPwe #EdTech #MedTech #Healthtech #FinTech #USA  #GreatBritain #Ireland #AsiaPacific #AsiaBusiness  #EuropeanBusiness #Zoom https://t.co/hBucnz3XBW",1.3114515254205194e+18
41,2020-09-30 23:40:01,EqualityVodka,Sacha Baron Cohen's 'Borat' Sequel Streaming On Amazon Before Nov. 3 Election #equalityvodka #sachabarobcohen #borat #streaming #amazon https://t.co/GEi2lM2Kr8,1.311450758647296e+18
42,2020-09-30 23:41:55,m_a_SS_a,"これめちゃオススメ！今年の良かった買い物ランキング上位！
自宅で簡単ホワイトニング！
リステリン マウスウォッシュ ホワイトニング1000mL+おまけつき
https://t.co/1a67dGMvmb
#LISTERINE
#ホワイトニング
#簡単
#自宅
#格安
#白い歯
#amazon
#マウスウォッシュ
#口臭
#歯磨き",1.311451238462976e+18
43,2020-09-30 23:46:09,amzn_deals_de,"https://t.co/WrI3bEPV1c Lamicall Handyhalterung Fahrrad, Handyhalter Motorrad #Amazon #Deal https://t.co/DIcj19ANgc",1.3114523044413153e+18
44,2020-09-30 23:42:57,konvweb,"#Paperback
@amazonDE #Amazon @AmazonKDP #reiseinsverderben #KindleUnlimited #Kindle @CircleofBooks #kindlebook #buch #zitat #novel #Roman #author #book #Lesen 

741 spannende Seiten! 

#Autorenseite Konstantin von Weberg 
https://t.co/8cV4X6bB90",1.311451498568536e+18
45,2020-09-30 23:44:33,hutoshia,SF映画術 ジェームズ・キャメロンと6人の巨匠が語るサイエンス・フィクション創作講座 https://t.co/FwK4eCVKu0 #Amazon,1.3114519029791416e+18
46,2020-09-30 23:44:52,dealtikka,"Buy Webcam with Autofocus HD 1080P USB Camera PC Camera #Dailydeals #Discounts #HotDeals #Sale #Amazon #Coupons #Deals #USA https://t.co/RINwhPKxWA

https://t.co/RINwhPKxWA",1.3114519826333286e+18
47,2020-09-30 23:37:54,chandaleary,65% of Amazon shoppers have no specific brand in mind. - #amazon #adcon2020,1.3114502275603825e+18
48,2020-09-30 23:38:55,ykswld,らくハピ アースエアコン洗浄スプレー 防...今売れています！https://t.co/652pcrpuFq #follow #sougo #Amazon #アマゾン,1.3114504827586068e+18
49,2020-09-30 23:38:13,77kingsol77,#checkitout #YourCoolUncsPodcast  wit @shadecobain and @77kingsol77 on #spotify #applepodcasts #podomatic #amazon #phuckery #urbanvoices #nofucksgiven #comedy https://t.co/9Xv8ueGSTf https://t.co/cDu0BNpHbB,1.311450308116185e+18
,date,screen_name,tweet,tweet_id
0,2020-09-30 23:35:06,kana_ogawa,"【ヘッドホン】ベスト10
OneOdio Pro10 ヘッドホン 50mmドライバー 有線 マイク付き DJ モニターヘッドホン オーバーイヤー 密閉型 楽器練習 ミキシング 音楽 映画鑑賞 (ブラック)
https://t.co/sypJRllwft #Amazon",1.3114495215833948e+18
1,2020-09-30 23:36:51,dealtikka,"Buy Boy’s and Girl’s ComfortSoft Fleece Sweatshirt #Dailydeals #Discounts #HotDeals #Sale #Amazon #Coupons #Deals #USA https://t.co/mjvsHxuopt

https://t.co/mjvsHxuopt",1.311449961339515e+18
2,2020-09-30 23:35:11,kana_ogawa,"【ヘッドホン】ベスト10
ソニー ワイヤレスノイズキャンセリングヘッドホン WH-1000XM4 : LDAC/Amazon Alexa搭載/Bluetooth/ハイレゾ 最大30時間連続再生 密閉型 マイク付 2020年モデル シルバー S 中
https://t.co/AAT0m8nKoZ #Amazon",1.3114495435740815e+18
3,2020-09-30 23:36:57,dealtikka,"Buy Take Apart Toy Racing Car #Dailydeals #Discounts #HotDeals #Sale #Amazon #Coupons #Deals #USA https://t.co/HEr1mzn49s

https://t.co/HEr1mzn49s",1.311449987168047e+18
4,2020-09-30 23:35:56,konvweb,"#Ebook
@amazonDE #Amazon @AmazonKDP #reiseinsverderben #KindleUnlimited #Kindle #kindlebook @CircleofBooks
#zitat #novel #Roman #author #book #Thriller

741 spannende Seiten! 
Großes Inhaltsverz. mit Sprungfunktion.
#Autorenseite Konstantin von Weberg 

https://t.co/ZRsChaKVBY",1.311449734775599e+18
5,2020-09-30 23:36:54,dealtikka,"Buy Plus Size Spaghetti Long Maxi Dress with Pockets #Dailydeals #Discounts #HotDeals #Sale #Amazon #Coupons #Deals #USA https://t.co/qwXbuXemAE

https://t.co/qwXbuXemAE",1.311449976665518e+18
6,2020-09-30 23:30:27,yuki_nagase,"【イヤホン】ベスト10
Apple AirPods Pro
https://t.co/MrqTln8yo8 #Amazon",1.3114483520268902e+18
7,2020-09-30 23:35:32,kana_ogawa,"【ヘッドホン】ベスト10
Razer Kraken Green ゲーミングヘッドセット アナログ接続 PS4 PC Switch スマートフォン 冷却ジェルパッド 【日本正規代理店保証品】 RZ04-02830200-R3M
https://t.co/xnhbDf7tKh #Amazon",1.3114496314950574e+18
8,2020-09-30 23:34:52,myuki00,"Amazon＆無在庫＆自動ツール 登場！

　もうあなたは価格差を探す作業をする必要はなくなりました。

https://t.co/KMgsfkenDr

#自動転売
#せどり
#Amazon
#副業
#転売
#不労所得",1.3114494648176353e+18
9,2020-09-30 23:34:37,Uber1800,"Nintendo Switch 本体 (ニンテンドースイッチ) Joy-Con(L)/(R) グレー　
https://t.co/Py8v2cQbNa #Amazon",1.3114493993110405e+18
10,2020-09-30 23:31:20,kou93480037,"Nintendo Switch 本体 (ニンテンドースイッチ) Joy-Con(L) ネオンブルー/(R) ネオンレッド(バッテリー持続時間が長くなったモデル)

詳細⬇️
https://t.co/9af6DsAiip

#Amazon #switch #Nintendo",1.3114485746940273e+18
11,2020-09-30 23:36:52,dealtikka,"Buy Women’s Slipper Shower Shoes #Dailydeals #Discounts #HotDeals #Sale #Amazon #Coupons #Deals #USA https://t.co/9G1w6g7Ku0

https://t.co/9G1w6g7Ku0",1.3114499661629071e+18
12,2020-09-30 23:30:44,TheInStockRoom,"***New Deal***
overstockArt La Pastiche Hand ...
Reduced from $768.00 to $446.35
https://t.co/ONNa7EP3Oc
#Deals #newDeals #Amazon https://t.co/5cKweNZz0Y",1.3114484230113608e+18
13,2020-09-30 23:35:21,kana_ogawa,"【ヘッドホン】ベスト10
Mpow ヘッドホン H7 bluetooth 4.0 密閉型 15時間再生 ワイヤレス ヘッドセット 40mm HD ドライバーユニット リモコン ・ マイク付き ハンズフリー通話可能 ブルートゥース ヘッドフォン ブラック
https://t.co/J5W9CkvMEM #Amazon",1.3114495875178045e+18
14,2020-09-30 23:37:42,SCOREPhx,"#Amazon Promoting #SmallBusiness Sellers with $10 #PrimeDay Credit - Small Business Trends https://t.co/cSu3GjVq7t #ecommerce 
If you want to sell on Amazon or already do, this is important! https://t.co/Bh488GkPTB",1.3114501769812828e+18
15,2020-09-30 23:35:37,kana_ogawa,"【ヘッドホン】ベスト10
ソニー ヘッドホン MDR-XD150 : 密閉型 屋内用(テレビ・オーディオ用) ホワイト MDR-XD150 W
https://t.co/O9Pcprr5T4 #Amazon",1.31144965371648e+18
16,2020-09-30 23:30:20,CoolDealCA,"2 #Amazon  Echo Dots for $40!!

*Retail for one is $50

Use Code: DOTPRIME2PK
 #Deal #ganga

 https://t.co/U6Vc5eUa8Q https://t.co/aLJWdDVTMM",1.311448323396698e+18
17,2020-09-30 23:30:46,creativemm12,"&lt;Current Weather&gt;
Dallas
Temperature: 88.68°F/ Status: clear
👉https://t.co/s1M9wAJv17 #amazon👈
💯👉Auto Follower👈💯
💯👉#自動相互フォロー👈💯

#followtrick
#Atlanta #Braves
#Deonte #Lee #Murray
#NPR
#f4f
#followtrick
#相互RT
#500ADay
#followe",1.3114484344994816e+18
18,2020-09-30 23:30:37,yuki_nagase,"【イヤホン】ベスト10
イヤホン ヘッドホン ステレオイヤホン イヤフォン マイク/リモコン付き で通話可能 アイフォン アンドロイド多機種対応 軽量 iPhone/Android/PC/ipodなど用イヤホン 3.5mm ジャック
https://t.co/o7T4hlBFOP #Amazon",1.3114483958867313e+18
19,2020-09-30 23:31:33,kou93480037,"PlayStation 4 ジェット・ブラック 500GB (CUH-2200AB01)

詳細⬇️
https://t.co/ZV2COoWfy9

#Amazon #PS4 #PlayStation #PlayStation4",1.311448630671229e+18
20,2020-09-30 23:36:40,kimura_books,「GOTH」「暗いところで待ち合わせ」「夏と花火と私の死体」 ○一 https://t.co/MhXUDfC2aG #books #amazon,1.3114499174585057e+18
21,2020-09-30 23:36:55,dealtikka,"Buy Princess Costume for 2-8 Year Old Girls #Dailydeals #Discounts #HotDeals #Sale #Amazon #Coupons #Deals #USA https://t.co/jdiLdZdACg

https://t.co/jdiLdZdACg",1.3114499818496696e+18
22,2020-09-30 23:35:09,CoolDealCA,"3.5Bar Espresso Coffee Maker for $39.99!!

#freebies #deals #deal #moneysaver #greatdeal #steals #discount #sale #bargain #bargainhunter #bargainshopper #cheap #bestprice #Amazon  #Deals #giveaway #Deal #ganga

 https://t.co/0hq5uNCjL0 https://t.co/L4oI15AUBN",1.3114495359741706e+18
23,2020-09-30 23:30:21,CoolDealCA,"LifeStyles SKYN Original Condoms, 24 Count only $11.17!!!

#freebies #deals #deal #moneysaver #greatdeal #steals #discount #sale #bargain #bargainhunter #bargainshopper #cheap #bestprice #Amazon  #Deals #giveaway #Deal #ganga

 https://t.co/Ewk6Fw6HWP https://t.co/dxH5zgZ6ko",1.3114483260642877e+18
24,2020-09-30 23:35:29,rakten_kaden_,"10/01 08:35

【あす楽 土日も即納】（ピカポット特典付き）象印 
【楽天】10000円
【Amazon】10580円

★楽天で購入すると★
 580円 お得（お得率6％）

↓お得な情報を一覧で確認出来るサイト
https://t.co/kMQYxgL6Rh

#楽天市場 #Amazon #お得 #せどり https://t.co/ll2H4JpX3W",1.311449619713282e+18
25,2020-09-30 23:35:08,CoolDealCA,"Canon PowerShot SX530 Digital #Camera for $199!! (Retail: $379)

#freebies #deals #deal #moneysaver #greatdeal #steals #discount #sale #bargain #bargainhunter #cheap #bestprice #Amazon  #Deals #giveaway #Deal #ganga

 https://t.co/GhG3WGfymd https://t.co/tCvm6W18rW",1.3114495330800517e+18
26,2020-09-30 23:31:39,XperienceDope,"Blasting Missy Elliott - Pass That Dutch (Club) right now on Pretty Dope Xperience Radio aka #BlackPandora

listen now and catch a wave!! https://t.co/VqKFopeoex  #nowplaying #np #RT  #NowStreaming #Streema Download Now #Alexa #GooglePlay #iOSAppStore #Amazon #",1.311448655115817e+18
27,2020-09-30 23:33:13,INTsushinsha,"『医学部受験　富士学院の軌跡と奇跡: 選抜制をとらずに生み出す圧倒的な合格力の秘密』Kindle版
https://t.co/WxQw2DCiuB #Kindle #Amazon #電子ブック
偏差値だけでは受からない、医学部合格の秘訣がここにある！",1.3114490473962783e+18
28,2020-09-30 23:30:50,CoolDealCA,"💲💰
overstockArt La Pastiche Hand ...
Reduced from $768.00 to $446.35

# #Deals #new #Deals #Amazon  #Deal #ganga

 https://t.co/CVnqz8Njw3 https://t.co/7jHuaPKvEu",1.311448448139395e+18
29,2020-09-30 23:35:42,kana_ogawa,"【ヘッドホン】ベスト10
OneOdio Pro50 ハイレゾ ヘッドホン プロフェッショナル DJ用 モニターヘッドホン 有線 密閉型 スタジオ用/楽器練習/ミキシング/映画鑑賞
https://t.co/VRM15n3q65 #Amazon",1.311449675602436e+18
30,2020-09-30 23:36:29,TheInStockRoom,"***New Deal***
Almay 2.25-oz. Clear Gel Antip...
Reduced from $2.29 to $2 via Sub &amp; Save
https://t.co/3fzRlU48u8
#Deals #newDeals #savings #Amazon https://t.co/RKz5fcvSsh",1.3114498694632858e+18
31,2020-09-30 23:35:00,kana_ogawa,"【ヘッドホン】ベスト10
ソニー ワイヤレスヘッドホン WH-CH510 / bluetooth / AAC対応 / 最大35時間連続再生 2019年モデル / マイク付き /ブラック WH-CH510 B
https://t.co/MPeqkrbZju #Amazon",1.311449499705856e+18
32,2020-09-30 23:30:29,rakten_kaden_,"10/01 08:30

アイリスオーヤマ　IRIS　スロージューサー　　I
【楽天】10006円
【Amazon】10770円

★楽天で購入すると★
 764円 お得（お得率8％）

↓お得な情報を一覧で確認出来るサイト
https://t.co/kMQYxgL6Rh

#楽天市場 #Amazon #お得 #せどり https://t.co/JEJzFeewvF",1.3114483595388436e+18
33,2020-09-30 23:37:05,azusa20201018,"【 4ヶ月99円で音楽聴き放題⁉️ 】

月額780円のAmazonの音楽聴き放題サービスが、今なら4ヶ月で99円です😳

👉 https://t.co/9tUTma5npB

缶コーヒー1杯辞めるだけで、4ヶ月間音楽聴き放題って凄くない？？

#Amazon https://t.co/rzLKkSmGs5",1.31145002245879e+18
34,2020-09-30 23:34:58,SSkipperAuthor,#scottskipperauthor #scottskipper #sskipper #sskipperauthor #amazon #kindle #book #freereads #writemotivation #bookworm #mustread #whattoread #selfpublished #selfpublishing #reading #author #bookstagram #writerscommunity #selfpublishedauthor,1.3114494911496438e+18
35,2020-09-30 23:35:20,yotubanokuro_b,"【自動転売‼️】
Amazonの商品を巨大プラットホームで無在庫で自動出品できる【最強ツール】

https://t.co/jj3prZcRae

#自動転売
#せどり
#Amazon
#副業
#転売
#不労所得",1.3114495820526223e+18
36,2020-09-30 23:31:30,nislai_,Nislai® Hexe Pinata Set | Halloween Pinata | für die Halloween Party ... https://t.co/6egFcJRRTo #Amazon #amazonprime #piñatas #Deutschland #handmade #halloween #geschenkidee,1.3114486171238195e+18
37,2020-09-30 23:35:27,kana_ogawa,"【ヘッドホン】ベスト10
ソニー ヘッドホン MDR-ZX110 : 密閉型 折りたたみ式 ブラック MDR-ZX110 B
https://t.co/uUnA6sQQ44 #Amazon",1.3114496096218276e+18
38,2020-09-30 23:36:34,CoolDealCA,"💲💰
Almay 2.25-oz. Clear Gel Antip...
Reduced from $2.29 to $2 via Sub &amp; #Save

# #Deals #new #Deals #savings #Amazon  #Deal #ganga

 https://t.co/QIay5DW2xi https://t.co/qOcMFfBeMl",1.311449893706371e+18
39,2020-09-30 23:35:05,amzn_deals_de,https://t.co/82jEgOYen0 WHITIN Unisex Minimalistische und Barfuß-Traillaufschuhe #Amazon #Deal https://t.co/OfW8BQLDOF,1.3114495203378258e+18
40,2020-09-30 23:35:16,kana_ogawa,"【ヘッドホン】ベスト10
【https://t.co/u4EfhPUCmC限定】audio-technica プロフェッショナル モニターヘッドホン ATH-M20x/1.6 ケーブル長1.6m スタジオレコーディング/楽器練習/ミキシング/DJ/ゲーム
https://t.co/g2B2zCJXpx #Amazon",1.311449565476782e+18
41,2020-09-30 23:30:43,yuki_nagase,"【イヤホン】ベスト10
【2020進化版】イヤホン イヤフォン ハイレゾ マイク付き リモコン付き重低音 有線 カナル型 イヤホンノイズキャンセリング 遮音性が高く 通勤 磁気吸引式 ステレオ イヤホン Android/iPhone/PC多機種対応φ3.5mm 4極ミニプラグ (シルバー)
https://t.co/mfNxxeFS9E #Amazon",1.311448417973928e+18
42,2020-09-30 23:33:19,cycle_okb,Amazon 出品中。ギタリストのためのオープン・コード事典 Amazon最安値更新中!! 限定1点 https://t.co/Vn5pAPbXV2  #guitar #music #amazon,1.311449075523281e+18
43,2020-09-30 23:35:48,kana_ogawa,"【ヘッドホン】ベスト10
JVC HA-RZ510 密閉型ステレオヘッドホン 室内用(テレビ・ゲーム向け) 1.2m+延長2.3mコード付き
https://t.co/myykVWwnZP #Amazon",1.311449697479848e+18
44,2020-09-30 23:34:08,amzn_deals_de,https://t.co/4sSMYFI3T0 YouShow Sneaker Socken Herren Damen 10 Paar Kurze Halbsocken Quarter Baumwolle Unisex #Amazon #Deal https://t.co/o805ew5cHC,1.3114492805033165e+18
45,2020-09-30 23:36:53,dealtikka,"Buy Kids 100% Cotton Soft Jersey Long Sleeve Shirts #Dailydeals #Discounts #HotDeals #Sale #Amazon #Coupons #Deals #USA https://t.co/INOu63OVQb

https://t.co/INOu63OVQb",1.3114499713052058e+18
46,2020-09-30 23:36:58,dealtikka,"Buy Rainbow Scratch Paper for Kids #Dailydeals #Discounts #HotDeals #Sale #Amazon #Coupons #Deals #USA https://t.co/RxN9iD6Qlh

https://t.co/RxN9iD6Qlh",1.311449993610494e+18
47,2020-09-30 23:35:18,XperienceDope,"Blasting 50 Cent - High All The Time right now on Pretty Dope Xperience Radio aka #BlackPandora

listen now and catch a wave!! https://t.co/VqKFopeoex  #nowplaying #np #RT  #NowStreaming #Streema Download Now #Alexa #GooglePlay #iOSAppStore #Amazon #",1.3114495733328568e+18
48,2020-09-30 23:37:39,creativemm12,"👉https://t.co/TgQtcXzECK #amazon👈
💯👉Auto Follower👈💯
💯👉#自動相互フォロー👈💯

#500ADay
#Cubs
#ABC #news
#Donald #Trump #Jr
#相互フォロー100
#followergenerator
#固定RT
#相互リツイート
#フォロバ100パーセント
#500ADay
#TFB
#TeamFollowBack",1.3114501651363553e+18
49,2020-09-30 23:30:28,yu816ma,"昨日届いたAmazon echo auto。前から欲しくて日本発売を望んでいたのは「パパ、アンパンマンの曲かけて」って運転中によく頼まれるから。

子どもがいるご家庭はかなりこれがあると捗るはず。

週末取り付けできるかな。
#Amazon #echoauto https://t.co/cP8YVgMDRk",1.3114483586958377e+18
,date,screen_name,tweet,tweet_id
0,2020-09-30 23:30:07,amzn_deals_de,"https://t.co/dh36vcV4t4 EBL Micro AAA Akku 1100mAh - 1.2V NI-MH Akkubatterien, geringe Selbstentladung, 8 Stück AAA Batterien #Amazon #Deal https://t.co/h72BWBFNJ4",1.3114482672097034e+18
1,2020-09-30 23:26:59,best_deals_US,"Grab before its gone!
Philips Avent Soothie Pacifier, Pink/Purple, 0-3 Months, 2 Count

Offer price: $3.19 (29% OFF!)
Retail: $4.49

https://t.co/gW3iT0261o

#Amazon #deals #RT https://t.co/FqgbW5LVCi",1.3114474791418511e+18
2,2020-09-30 23:25:00,InterflonUSA,"""Huge savings in labor and delays... near elimination of frustration and anger."" 
https://t.co/g5tN4mKpfX
#interflon #ht1200 #testimonial #aquaculture #fishfarm #food #processing #pump #aluminum #fretting #galling #corrosion #amazon",1.3114469801079316e+18
3,2020-09-30 23:29:40,couchpotato999,Rhapsody in Blue https://t.co/muQM24GIRp #Amazon,1.3114481549239665e+18
4,2020-09-30 23:27:13,amzn_deals_de,"https://t.co/7rz1VqHwSK Wonesion Herren Fitness Laufschuhe Atmungsaktiv rutschfeste Mode Sneaker Sportschuhe,3 Lake Blau,47 EU #Amazon #Deal https://t.co/BwE4EyBgXR",1.3114475375980585e+18
5,2020-09-30 23:24:07,creativemm12,"#ScanSnap の 富士通 PFU ドキュメントスキャナー ScanSnap iX1500 (両面読取/ADF/4.3インチタッチパネル/Wi-Fi対応)
https://t.co/kyDuUhtUQP
#TeamFollowBack
#sale
#amazon
#Deonte #Lee #Murray
#Newport #County #vs #Newcastle
#中秋",1.311446758325584e+18
6,2020-09-30 23:29:10,SydneyJamesson,"Have you sorted out your
#Autumn #Reading?
Start a #USAToday #Bestselling #series 
for #FREE #Today

#Book one  #TOUCHSTONEforplay
#TheStoryOfUs
""I was gripped from the first chapter to the last.
The build-up through the book was palpable!""
#Amazon &gt; https://t.co/DIGfUIPplX https://t.co/wxaQkOqovY",1.3114480301350994e+18
7,2020-09-30 23:28:35,dealtikka,"Buy 14K plated gold earrings #Dailydeals #Discounts #HotDeals #Sale #Amazon #Coupons #Deals #USA https://t.co/6CXj8im8fo

https://t.co/6CXj8im8fo",1.3114478830702674e+18
8,2020-09-30 23:25:28,rakten_kaden_,"10/01 08:25

冷蔵庫 小型 2ドア 118L アイリスオーヤマ 
【楽天】22800円
【Amazon】23800円

★楽天で購入すると★
 1000円 お得（お得率4％）

↓お得な情報を一覧で確認出来るサイト
https://t.co/kMQYxgL6Rh

#楽天市場 #Amazon #お得 #せどり https://t.co/rFh4u802mG",1.3114470994776187e+18
9,2020-09-30 23:28:34,dealtikka,"Buy 14K plated gold earrings #Dailydeals #Discounts #HotDeals #Sale #Amazon #Coupons #Deals #USA https://t.co/UHf8D9crqH

https://t.co/UHf8D9crqH",1.3114478776176845e+18
10,2020-09-30 23:28:29,dealtikka,"Buy Smart Galaxy Projector #Dailydeals #Discounts #HotDeals #Sale #Amazon #Coupons #Deals #USA https://t.co/zxkNydNJrM

https://t.co/zxkNydNJrM",1.3114478580302766e+18
11,2020-09-30 23:27:02,CreateMyVoice,Amazon's new Ring camera is actually a flying drone -- for inside your home--&gt; https://t.co/5ekKXOAWUJ #amazon #smarthome #ring https://t.co/lq35IofbtO,1.3114474923959706e+18
12,2020-09-30 23:30:16,yuki_nagase,"【イヤホン】ベスト10
イヤホン 有線 イヤホン アイフォン イヤホン ライトニング イヤホン ヘッドホン ステレオイヤホン マイク/リモコン付き 通話可能 多機種対応 軽量 新品 (白) 3.5mm ジャック
https://t.co/OTaprdTIT2 #Amazon",1.31144830822989e+18
13,2020-09-30 23:29:44,tmsl_info,"[山善] こたつ テーブル 長方形 80×60cm 一人暮らし リバーシブル天板 中間入切スイッチ ホワイト×ナチュラル EYC-8060( ...
セール特価: ￥7,480 
OFF: ￥684 (8%)
https://t.co/Vu7hIogbi1
#Amazon #タイムセール",1.311448171705299e+18
14,2020-09-30 23:25:42,vanguardiamx,"#EU #FLORIDA #TIROTEO 😯 Según los primeros indicios, ambas personas involucradas en el tiroteo son empleados de #Amazon. 
https://t.co/NSyxfAxvkm",1.3114471578371604e+18
15,2020-09-30 23:27:34,seika_hikaku,#IFトレー を安く買いたいなら #cotta #富澤商店 #楽天 #amazon https://t.co/FnCyJOwPuo,1.311447626131202e+18
16,2020-09-30 23:28:41,Siddhan27528469,I played this interesting Quiz on Amazon https://t.co/yecv9onUeY #Amazon,1.3114479085169132e+18
17,2020-09-30 23:29:59,Chris_Rennie,@JoeBiden @realDonaldTrump @JoeBiden he was a private citizen until 3+ years ago.. let me walk up to a total stranger and ask for theirs? And ask more personal information..  #Amazon @JeffBezos doesn’t pay taxes! Making billons! Make large businesses accountable,1.3114482351609242e+18
18,2020-09-30 23:30:03,amazon_rankinQ,"【スマートフォン本体】
HUAWEI P30 Lite パールホワイト【日本正規代理店品】
￥24,299
https://t.co/1UTiZrRkei
#amazon",1.3114482525798892e+18
19,2020-09-30 23:27:02,uketoricancel,"#無断受取拒否なくそう
ショップ運営者の皆様へ。一部の悪質なユーザー様の無断受取拒否に困っていませんか？
https://t.co/Mg8HrRc0LI

#無断受取拒否なくそう #ミンネ #楽天 #ヤフー #メルカリ #ラクマ #amazon",1.3114474922365133e+18
20,2020-09-30 23:25:17,XperienceDope,"Blasting  MELLENIUM - Fuego  right now on Pretty Dope Xperience Radio aka #BlackPandora

listen now and catch a wave!! https://t.co/VqKFopeoex  #nowplaying #np #RT  #NowStreaming #Streema Download Now #Alexa #GooglePlay #iOSAppStore #Amazon #",1.3114470506183107e+18
21,2020-09-30 23:28:36,dealtikka,"Buy Steam mop Replacement Pad #Dailydeals #Discounts #HotDeals #Sale #Amazon #Coupons #Deals #USA https://t.co/RAlXa0ldBm

https://t.co/RAlXa0ldBm",1.3114478886109553e+18
22,2020-09-30 23:28:17,SCS_Pittsburgh,"#SecurityHappyHour is also a podcast so even if you don't watch you can dl it via #Apple, #Google, #Spotify, #iHeartRadio, #Amazon. All your support is appreciated. If you haven't taken a look yet below is the link.

#cyber #cybersecurity #infosec

https://t.co/GEKjl0vTmu",1.3114478078244823e+18
23,2020-09-30 23:28:28,THREEBLUE2,"Switch Lite
大分値段落ち着いて来ました💦

Amazon
▶️https://t.co/C6EV2WGPWB

あつ森アプデ✨
あつ森は家族分あった方が
楽しめます💦

▶️https://t.co/ZcoTfcIMEE

#あつまれどうぶつの森          
#あつ森  #もくようび
#Switch  #スイッチ #Amazon",1.3114478539448525e+18
24,2020-09-30 23:24:12,_mis_ter_e_,"Make #Superman LEGO portraits !

#dccomics #HenryCavill #christopherreeve #batman #benaffleck #dcfandome #JusticeLeague #JusticeLeagueSnyderCut #JusticeLeagueTheSnyderCut #amazon #kindlebooks #kindleunlimited #kindle
https://t.co/zTZgg0RgVe",1.311446780224176e+18
25,2020-09-30 23:25:09,CoolDealCA,"Wingback Leather Recliner Chair for $109.99!! (Retail: $249.99)

#freebies #deals #deal #moneysaver #greatdeal #steals #discount #sale #bargain #bargainhunter #bargainshopper #cheap #bestprice #Amazon  #Deals #giveaway #Deal #ganga

 https://t.co/VxJsBdrxnS https://t.co/ymDNzyiELC",1.3114470193204183e+18
26,2020-09-30 23:25:02,MarkofOdin,Join the Mark of Odin's fantastic fiction transmedia saga! First book available for free in #ebook at #GooglePlay #iBooks #Amazon #Kindle #Kobo and #Wattpad and printed edition at #Amazon. Check it now! #sciencefiction #books https://t.co/ggtfn7C94q,1.3114469916464538e+18
27,2020-09-30 23:25:06,amzn_deals_de,https://t.co/QBwMfvc5IC Nasonberg Sicherheitsschuhe Arbeitsschuhe Herren Damen s3 Leicht Schutzschuhe mit Stahlkappen Sportlich Atmungsaktiv #Amazon #Deal https://t.co/fDoNRsWBSl,1.3114470074841539e+18
28,2020-09-30 23:28:31,dealtikka,"Buy Massage pillow #Dailydeals #Discounts #HotDeals #Sale #Amazon #Coupons #Deals #USA https://t.co/itOHi5Yuy4

https://t.co/itOHi5Yuy4",1.3114478680714404e+18
29,2020-09-30 23:27:34,Charlie_Cawood,"Claire Richards - Shame On You #bigtimeradio https://t.co/N76xPoatRr @Charlie_Cawood @BigTimeRadio1 @bigtime_news
 on #Amazon Echo &amp; App https://t.co/c7cZfm4MQo  #Top40 #Music 247 #Worldwide 3 #Radio #Stations 43 #Countries #Interviews #Billboard https://t.co/JiPHr6jZyC  #SUBMI",1.3114476268654019e+18
30,2020-09-30 23:23:00,RichCash777,"Estimated Jackpot for the September 30, 2020 Powerball drawing

#Powerball #PowerballWinningNumbers #PowerballNumbers #lottery #jackpot #books #ebooks #Amazon #AmazonBooks #AmazonKindle #Kindle #KindleBooks #KindleUnlimited #KindleOwnersLendingLibrary #KindleLendingLibrary https://t.co/RyPgQpacsX",1.3114464770808668e+18
31,2020-09-30 23:25:19,AngelicFusion,Visalia #California mayor confirms #Amazon is coming. https://t.co/eVEDiEJ8bN via @TheSunGazette,1.3114470610830254e+18
32,2020-12-01 16:15:08,AnkerOfficial,"Anker Nano has been upgraded to 20W!
The new and improved Anker Nano can now charge your new iPhone up to 3× faster.",1.3338068503078339e+18
33,2020-09-30 23:29:30,dealtikka,"Buy USB desk fan #Dailydeals #Discounts #HotDeals #Sale #Amazon #Coupons #Deals #USA https://t.co/6LReonJDRP

https://t.co/6LReonJDRP",1.311448115346641e+18
34,2020-09-30 23:28:29,SaveGreekSeas,"Οι περισσότεροι από 27.000 αυτόχθονες που ζουν κατά μήκος των ποταμών Κόκα και Νάπο δεν μπορούν πλέον να καλλιεργήσουν ή να ψαρεύουν στη δική τους επικράτεια λόγω του πετρελαίου στο νερό.
#SerialDrillers #Equador #Amazon 

https://t.co/DBD10L0SgW",1.3114478561512284e+18
35,2020-09-30 23:23:08,TanCozy,"これが、Amazonのビジネス
#amazon #JeffBezos 
ネット通販、トラブル続出　コロナ禍で昨年２３万件超える可能性 https://t.co/t976Sli2nR @SankeiBiz_jpより",1.3114465119185674e+18
36,2020-09-30 23:30:01,YabRock,Discovery Box Set / #PinkFloyd https://t.co/SSb11n7phP #ProgressiveRock #ProgRock #アマゾン #Amazon #AmazonJP,1.3114482457683968e+18
37,2020-09-30 23:27:00,Haidji,"Read : ""My own words"" by Ruth Bader Ginsburg - Click on https://t.co/t4jM06HdFm  #RuthBaderGinsburg #ruthbader #books #myownwords #amazon #mustread #NewYorkTimes #bestseller #educateyourself #goodreads #amazonbooks #tbr #BookBoost  #bookblog #book",1.3114474834200863e+18
38,2020-09-30 23:28:30,dealtikka,"Buy 3 Packs Silicone Ice Trays #Dailydeals #Discounts #HotDeals #Sale #Amazon #Coupons #Deals #USA https://t.co/dEF1MBlGd4

https://t.co/dEF1MBlGd4",1.3114478626943427e+18
39,2020-09-30 23:28:33,dealtikka,"Buy Pool Chlorine Floater #Dailydeals #Discounts #HotDeals #Sale #Amazon #Coupons #Deals #USA https://t.co/uXP0JCKEr0

https://t.co/uXP0JCKEr0",1.3114478726725427e+18
40,2020-09-30 23:23:17,vickibooks,"HYPNOTICALLY CLAIMED
#NEW
A Woman Falls Under The Hypnotic Spell Of Two Different Men, Each Determined To Claim Her As Their Own!
#Amazon 
#FREE with #KindleUnlimited 
US: https://t.co/zMB2DVFh9N
UK: https://t.co/WJGBJ0TMQn
#EARTG #Bookboost #scifi #paranormal #olderyounger https://t.co/1Fj7EvZERL",1.311446550871249e+18
41,2020-09-30 23:30:20,musicalbumrevi,"දඹදිව බුදුසමය ආලෝකවත් කළ සිංහල වීරයා (The Sinhala Hero Who Enlightened Buddhism In Dambadiva) https://t.co/AVfxNOKXPd October 01, 2020 at 05:00AM #Sri Lanka, විශ්මිත ලෝකය #blogger #2k20 #blog #MusicAlbumReviews #amazon",1.311448322754982e+18
42,2020-09-30 23:30:06,iamartikyoul8,Im officially an #amazoninfluencer Feel free to shop Pettypost Essentials on #Amazon https://t.co/iiNIJTmTYM,1.3114482647644652e+18
43,2020-09-30 23:29:54,FashionLiteracy,Amazon launches a $4.99-per-month ‘personal shopper’ service for men’s fashion https://t.co/BvfScZ8cMU #amazon,1.3114482154982195e+18
44,2020-09-30 23:27:00,BookNumbers,"Estimated Jackpot for the September 30, 2020 Powerball drawing

#Powerball #PowerballWinningNumbers #PowerballNumbers #lottery #jackpot #books #ebooks #Amazon #AmazonBooks #AmazonKindle #Kindle #KindleBooks #KindleUnlimited #KindleOwnersLendingLibrary #KindleLendingLibrary https://t.co/0ttqYR7xoC",1.311447483331928e+18
45,2020-09-30 23:30:11,yuki_nagase,"【イヤホン】ベスト10
パナソニック カナル型イヤホン ホワイト RP-HJE150-W [並行輸入品]
https://t.co/AK4XZ1n9UW #Amazon",1.311448286419583e+18
46,2020-09-30 23:30:01,yuki_nagase,"【イヤホン】ベスト10
ソニー ワイヤレスノイズキャンセリングイヤホン WF-1000XM3 : 完全ワイヤレス/ Amazon Alexa搭載 /Bluetooth/ハイレゾ相当 最大6時間連続再生 2019年モデル / マイク付き /プラチナシルバー WF-1000XM3 S
https://t.co/6jg23LYmvY #Amazon",1.31144824175437e+18
47,2020-09-30 23:30:18,muteki_no_hito,"ポケモン不思議のダンジョン 救助隊DX -Switch https://t.co/wpOHB3KlI2 #Amazon

「子供がクリアできねぇから低評価！w」みたいなのが多くてほんとにゴミ
バカなんじゃねぇかな？",1.3114483134728438e+18
48,2020-09-30 23:29:06,woody_kill,Thanks @Razer la souris est juste magnifique ! #CSGO #Amazon https://t.co/faMDlRlTM7,1.3114480130726298e+18
49,2020-09-30 23:30:06,yuki_nagase,"【イヤホン】ベスト10
ソニー イヤホン MDR-EX155 : カナル型 ブラック MDR-EX155 B
https://t.co/k1bdFrDsIp #Amazon",1.3114482641729946e+18
,date,screen_name,tweet,tweet_id
0,2020-09-30 23:15:20,XperienceDope,"Blasting Redman &amp; Method Man - How High right now on Pretty Dope Xperience Radio aka #BlackPandora

listen now and catch a wave!! https://t.co/VqKFopeoex  #nowplaying #np #RT  #NowStreaming #Streema Download Now #Alexa #GooglePlay #iOSAppStore #Amazon #",1.3114445471347302e+18
1,2020-09-30 23:19:01,BEST300BOT,ベートーヴェン／交響曲第９番《合唱》　【第１位】⇒https://t.co/9dCeVY7aj1 #amazon #bot　【第３位】ノリントン指揮〈2002〉⇒https://t.co/tvNtNqAmdn,1.3114454735976817e+18
2,2020-09-30 23:15:43,dealtikka,"Buy Dog Barking Deterrent Devices #Dailydeals #Discounts #HotDeals #Sale #Amazon #Coupons #Deals #USA https://t.co/U0e3Wvl72M

https://t.co/U0e3Wvl72M",1.3114446467662234e+18
3,2020-09-30 23:16:03,TheInStockRoom,"***New Deal***
Mercer Culinary 10"" Millennia ...
Reduced from $39.99 to $13
https://t.co/NDi7zbPdjO
#Deals #newDeals #Discounts #Amazon https://t.co/6v0W576Owo",1.3114447303209533e+18
4,2020-09-30 23:17:09,koichiiiii,"Amazon Flexのサイト見てたんやけど、なんでスマホずっと怒ってるの？https://t.co/ynp3seExno
　#amazon  #amazonflex #まじおこ https://t.co/GBFxPU8Hui",1.311445006733865e+18
5,2020-09-30 23:15:23,NatCapProject,"It's #InternationalPodcastDay, so we're relistening to this @Freakonomics episode with #GretchenDaily! 

The Simple Economics of Saving the #Amazon Rainforest: 🎧https://t.co/RQgsWNCKdT #naturalcapital https://t.co/lmL0jcF02E",1.311444559637803e+18
6,2020-09-30 23:15:06,wokelifeworld,@AOC You robbed people from good paying jobs at #Amazon because you don’t know squat about business or what people actually want or need.  Stop talking.  #Trump2020NowMoreThanEver,1.3114444918368993e+18
7,2020-09-30 23:18:39,rinrinrin021209,"@HarukiKai0628 おはよ〜♡

朝から熊本県の高校生の動画みてマジ不愉快😑
開くん見た？
双方に明るい未来があっただろうにね。

#早起きは3ピコンの徳  #春木開しか勝たん 

Amazonほしい物リストを一緒に編集しましょう https://t.co/KbOpbgEnbD #Amazon https://t.co/TZUCEKbX9v",1.3114453838353408e+18
8,2020-09-30 23:22:08,amzn_deals_de,https://t.co/OUaezkbRRi Mishansha Jungen Trekkingschuhe Klettverschluss Mädchen Sneaker Outdoor Wanderschuhe #Amazon #Deal https://t.co/eOxmrobGdj,1.311446260851843e+18
9,2020-09-30 23:16:49,yukipoikatsu,"おすすめです🍀

アメブロを更新しました。
『【Amazon限定】西川で夏用マスクの予約受付中♪』
#ポイ活 #Amazon #西川 #マスク #夏用マスク #冷感マスク
#ひんやりマスク #熱中症 #熱中症予防 #熱中症対策
#マスク入荷情報 #マスク在庫あり
#マスク販売中 
https://t.co/YaU6YlYlh9",1.3114449210484204e+18
10,2020-09-30 23:19:58,EXPM25INFO,"【クロネコヤマト】 市川ＡＦＣ支店の住所とAmazonの商品がいつ届くかを調べる方法
https://t.co/4H6K8Y1umk
#amazon #市川AFC支店 #ヤマト運輸",1.3114457131762606e+18
11,2020-09-30 23:20:28,rakten_kaden_,"10/01 08:20

三菱電機【MITSUBISHI】紙パック式電気掃除
【楽天】10100円
【Amazon】10180円

★楽天で購入すると★
 80円 お得（お得率1％）

↓お得な情報を一覧で確認出来るサイト
https://t.co/kMQYxgL6Rh

#楽天市場 #Amazon #お得 #せどり https://t.co/DtxmMynH1l",1.3114458394290708e+18
12,2020-09-30 23:21:30,dealtikka,"Buy Solar Bird Bath Fountain Pump #Dailydeals #Discounts #HotDeals #Sale #Amazon #Coupons #Deals #USA https://t.co/oN8ArLay16

https://t.co/oN8ArLay16",1.3114460990188708e+18
13,2020-09-30 23:21:28,dealtikka,"Buy 5 Pcs 3D Face Inner Bracket for Comfortable Breathing #Dailydeals #Discounts #HotDeals #Sale #Amazon #Coupons #Deals #USA https://t.co/EqcMAdGpiL

https://t.co/EqcMAdGpiL",1.311446094048645e+18
14,2020-09-30 23:19:57,XperienceDope,"Blasting Camp Crisis - Highty High right now on Pretty Dope Xperience Radio aka #BlackPandora

listen now and catch a wave!! https://t.co/VqKFopeoex  #nowplaying #np #RT  #NowStreaming #Streema Download Now #Alexa #GooglePlay #iOSAppStore #Amazon #",1.3114457095105413e+18
15,2020-09-30 23:13:38,CDEscapes,"Part of the furniture, but they still want us out there 🔜🥂🔚 🕙 #itsajungleouthere #mayfair #reasonwithme #10pm #blending #amazon #jungle #cheers #camouflage #fail #bie #malaka #behavior @ Amazonico London https://t.co/5itZpZ1Qyn",1.311444119303213e+18
16,2020-09-30 23:21:30,thescreenshow,"VIDEO ▶️ https://t.co/vehMdJNbxg #Chespirito dónde estás? 😱
🟡 Vis a Vis: Triste final 🦂
🎛 Pablito Mix descubierto 
#DiegoLuna anfitrión de #PanyCirco
🎬 Ya fuiste al cine? 
#netflix #chaves #mareaamarilla #visavis #elsecreto #secreto #thesecret #COVID19 #amazon #prime #video https://t.co/CJV1RDsbAy",1.3114461007385354e+18
17,2020-09-30 23:13:35,PortalGeekCo,Los estrenos de Amazon prime Video de Octubre #AmazonPrimeVideo #Amazon #TV https://t.co/Ks37KqWWwu,1.311444106837717e+18
18,2020-09-30 23:19:27,DrFerdowsi,"#Brazil’s #Amazon forest, precious wetlands burn at historic levels |  ⁦@foxnewsalert⁩  https://t.co/ue4tKRG0L4",1.3114455859045212e+18
19,2020-09-30 23:13:01,BlackCloud1966,"Heads up!
#Amazon 

BBC News - Smart plugs sold on Amazon a 'fire risk', Which? warns
https://t.co/3u2rTYj9oa",1.3114439662781972e+18
20,2020-09-30 23:13:16,randomfaqs66,Receta de Té de Burbujas con batido de banana y fresa #Chollos #ofertas #promociones #amazon #bobatea #bubbletea #quedateencasa https://t.co/DpoJbp9wpX #recetas,1.3114440284964577e+18
21,2020-09-30 23:15:37,Zizarda,"Winnia is giving away a $50 #Amazon gift card in celebration of its official launch 🎁

Enter now 👇👇 https://t.co/S1xDwVgrMV",1.3114446199100908e+18
22,2020-09-30 23:20:09,dealtikka,"Buy Women’s comfort shorts with large plus size #Dailydeals #Discounts #HotDeals #Sale #Amazon #Coupons #Deals #USA https://t.co/KFnkNHo6sV

https://t.co/KFnkNHo6sV",1.3114457620359127e+18
23,2020-09-30 23:15:11,CoolDealCA,"My Arcade Mini Pac-Man Video Game only $21 🔥

#freebies #deals #deal #moneysaver #greatdeal #steals #discount #sale #bargain #bargainhunter #bargainshopper #cheap #bestprice #Amazon  #Deals #giveaway #Deal #ganga

 https://t.co/mvrwvZnkU8 https://t.co/GsoNJvUJkY",1.3114445104555868e+18
24,2020-09-30 23:13:59,springxmeadow,"ぎゃお〜😨購入ボタンがない〜レンタルじゃ、まかなえない〜　#Amazon さ〜ん！！ネトフリに移動しちゃうぞ〜！😭

#おっさんずラブ",1.3114442098706268e+18
25,2020-09-30 23:16:09,CoolDealCA,"💲💰
Mercer Culinary 10"" Millennia ...
Reduced from $39.99 to $13

# #Deals #new #Deals #Discounts #Amazon  #Deal #ganga

 https://t.co/DnYYgKRVnI https://t.co/E1P9bj2cUG",1.3114447548367094e+18
26,2020-09-30 23:20:13,dealtikka,"Buy Paint by Numbers Oil Painting Kits (Cute cat) #Dailydeals #Discounts #HotDeals #Sale #Amazon #Coupons #Deals #USA https://t.co/URHmP73Pg6

https://t.co/URHmP73Pg6",1.3114457775674122e+18
27,2020-09-30 23:17:12,amzn_deals_de,https://t.co/zhrwHbvrKV AX BOXING Freizeitschuhe Herren Walkingschuhe Berufsschuhe Sneaker Wanderschuhe Trainers Größe 41-46 #Amazon #Deal https://t.co/LMv1JMJYEn,1.311445016452055e+18
28,2020-09-30 23:15:27,rakten_kaden_,"10/01 08:15

アイリスオーヤマ 脱毛器 ホームパルスライト式 光
【楽天】13980円
【Amazon】17200円

★楽天で購入すると★
 3220円 お得（お得率23％）

↓お得な情報を一覧で確認出来るサイト
https://t.co/kMQYxgL6Rh

#楽天市場 #Amazon #お得 #せどり https://t.co/AHuXTvqv21",1.3114445794601165e+18
29,2020-09-30 23:15:42,dealtikka,"Buy Yoga Pants with Pockets Tummy Control Workout Pants 4 Way Stretch Pocket Legging #Dailydeals #Discounts #HotDeals #Sale #Amazon #Coupons #Deals #USA https://t.co/baGJifxQVD

https://t.co/baGJifxQVD",1.3114446414479032e+18
30,2020-09-30 23:20:09,amzn_deals_de,https://t.co/EXVsMtSrZg FOGOIN Wanderschuhe Herren Damen Wasserdicht High Trekkingschuhe Wanderstiefel Outdoorschuhe #Amazon #Deal https://t.co/WPSLN5FCdr,1.3114457605301576e+18
31,2020-09-30 23:14:28,risho_cj,"第一章、読み終えた。
読みやすい。

金閣寺・銀閣寺の住職が教える
📕人生は引き算で豊かになる https://t.co/edPzxc8OgK #Amazon",1.3114443319710515e+18
32,2020-09-30 23:15:12,CoolDealCA,"RayPard 24-Piece Silverware Set with 5-Compartment Box Tray for $17.99!!

#freebies #deals #deal #moneysaver #greatdeal #steals #discount #sale #bargain #bargainhunter #bargainshopper #cheap #bestprice #Amazon  #Deals #giveaway #Deal #ganga

 https://t.co/gpksF9mCjo https://t.co/e7AQOilvVv",1.311444512942809e+18
33,2020-09-30 23:19:07,amzn_deals_de,https://t.co/vsQrjT2uRx Lamicall Handy Ständer für iPhone und Smartphones #Amazon #Deal https://t.co/ni8vL8Mp8F,1.3114455007684608e+18
34,2020-09-30 23:21:03,geovanny_jrz,"Amazonazo en en hocico. #Tile #Amazon 
🤓😲😲😲 https://t.co/61AfuJ8QYC",1.3114459883981332e+18
35,2020-09-30 23:15:56,VfGoaBCrLiInilf,"時計もついてるEcho Dot (エコードット)
  #amazon #Alexa #echodot 

https://t.co/UdcOvjDlkf",1.3114446987964457e+18
36,2020-09-30 23:15:40,dealtikka,"Buy F&amp;A Butterfly Set with Necklace Earrings Clips, Multi Strand Layered Necklace Butterfly Design, Double Wings Long Tassel Butterfly Pendant Earrings,Organza Butterfly Hair Pins ... #Dailydeals #Discounts #HotDeals #Sale #Amazon #Coupons #Deals #USA ...",1.3114446337217905e+18
37,2020-09-30 23:20:10,dealtikka,"Buy High waist Yoga Pants #Dailydeals #Discounts #HotDeals #Sale #Amazon #Coupons #Deals #USA https://t.co/RFj8kP2rPJ

https://t.co/RFj8kP2rPJ",1.3114457669430436e+18
38,2020-09-30 23:16:56,goldengirl027,GIVEAWAY! Enter to #win a $10 #Amazon gift card? Go enter the #giveaway daily for your chance to win from @thatsjustjeni Go enter   https://t.co/fkrZS5uT7E,1.311444950870098e+18
39,2020-09-30 23:17:56,yukipoikatsu,"おすすめです！

アメブロを投稿しました。
『【Amazon】バスマジックリンが40％OFF＆アタック3Xが実質無料』
#アメブロ #ポイ活 #Amazon #クーポン #洗剤 #バスマジックリン #節約 #お得情報 https://t.co/hvcUSGYdk9",1.3114452047637217e+18
40,2020-09-30 23:19:00,Joe__Schmo313,"Lysol Disinfecting Wipes, Lemon &amp; Lime Blossom, 110ct,Packaging May ... https://t.co/oDU7lNDHbD #Amazon ⁦@Codes4Deals⁩",1.311445470183555e+18
41,2020-09-30 23:20:15,Notacontestguy,Love Speculative Fiction? #Win a $100 #Amazon #GiftCard in this #Facebook &amp; #Twitter #Giveaway via @sffbookbonanza: https://t.co/eyLJgsdbxt,1.3114457877050532e+18
42,2020-09-30 23:18:42,Designcreateall,おしゃれな方はぜひ！ブラジャーの歴史上で衝撃的なデザインのブラジャー２０種類https://t.co/HDTdbdB7nv…https://t.co/Eh7oxQ98x5 #amazon #design #brand,1.3114453969383547e+18
43,2020-09-30 23:17:24,yukipoikatsu,"おすすめです🍀

アメブロを更新しました。
『Nintendo Switch Liteが大量入荷されてます！』
#ポイ活 #楽天 #Amazon #ニンテンドースイッチライト
#スイッチ入荷 #ニンテンドースイッチ #Nintendo #NintendoSwitchLite #NintendoSwich
https://t.co/qLQDf1CIwN",1.3114450691199754e+18
44,2020-09-30 23:17:27,spacehotel,"Spacehotel - ""Ride"" out now on #iTunes #Spotify #Amazon #Bandcamp #AppleMusic #Tidal #Deezer &amp; more... 

links at: https://t.co/tPi6nLiaqI https://t.co/oqvmLvwj2j",1.3114450833513964e+18
45,2020-09-30 23:20:12,dealtikka,"Buy 70PCS Solder Seal Wire Connectors #Dailydeals #Discounts #HotDeals #Sale #Amazon #Coupons #Deals #USA https://t.co/NeLL67qLvj

https://t.co/NeLL67qLvj",1.3114457725132186e+18
46,2020-09-30 23:18:36,KiltronXEnviro,"KiltronX Live Free Bed bug 3 piece Control Set, #Queen https://t.co/tUkJT7ZNQj #Amazon",1.3114453717349458e+18
47,2020-09-30 23:19:00,lanoticia,"⚠ LAMENTABLE ⚠

Policías respondieron a un llamado anónimo para atender una denuncia sobre un tiroteo en el lugar 🚔📞

#Amazon 

https://t.co/u8HLbQeKag",1.3114454694580593e+18
48,2020-09-30 23:20:14,dealtikka,"Buy Halloween 3D Skull String Lights Battery Operated with Remote Control #Dailydeals #Discounts #HotDeals #Sale #Amazon #Coupons #Deals #USA https://t.co/xvDvlTwukn

https://t.co/xvDvlTwukn",1.311445783183536e+18
49,2020-09-30 23:19:06,SolTaylorRdL,"‼️YA DISPONIBLE‼️ El placer del engaño By: @KristelRalston 

Descubre la historia de Dimitri y Sienna 😍

#Amazon ➜ https://t.co/g0nov7iElv

#IARTG #romance #kindle #KindleUnlimited #romantica #erotica #amor #BestSeller #eBooks #writingcommunity https://t.co/G6iVUBXUKs",1.3114454975472845e+18
,date,screen_name,tweet,tweet_id
0,2020-09-30 23:05:39,chiock,"#amazon Amazon fail again, no delivery after 3 days , what is going on ? they need competition , customer service is useless #amazonprime  #faildelivery #excuses",1.3114421137463951e+18
1,2020-09-30 23:09:54,chao4356k,【メーカー特典あり】「私たちはどうかしている」DVD-BOX [オリジナルポストカード(2枚組)付き] https://t.co/09rEKGrtjh #Amazon,1.3114431804667576e+18
2,2020-09-30 23:12:59,Lios_Art,"Available on #Amazon 
#livres #livre #book #bookstagram #Edition #lios_art #lios #Fantasie #Ebooks #Amazon #Kobo #BookTwitter #BookClub #books #BookReview #Editor #Lapremieredragonniere #La_premiere_dragonniere #Time #serie_time_note_book #Notebook https://t.co/RDbwCQlDYd",1.311443958703194e+18
3,2020-09-30 23:09:18,Charlie_Cawood,"2. https://t.co/lvM9cVLGBp #bigtimeradio https://t.co/N76xPoatRr @Charlie_Cawood @BigTimeRadio1 @bigtime_news
 on #Amazon Echo &amp; App https://t.co/c7cZfm4MQo  #Top40 #Music 247 #Worldwide 3 #Radio #Stations 43 #Countries #Interviews #Billboard https://t.co/JiPHr6jZyC  #SUBMI",1.3114430309902991e+18
4,2020-09-30 23:09:51,creativemm12,"👉https://t.co/VkAPEwd5mB #amazon👈
💯👉Auto Follower👈💯
💯👉#自動相互フォロー👈💯

#相互フォロー100
#Pixel #5
#Deonte #Lee #Murray
#NPR
#固定RT
#相互RT
#followermachine
#autofollower
#TeamFollowback
#相互フォロー100
#TFW
#フォロバ100パーセント",1.3114431672505876e+18
5,2020-09-30 23:08:02,masa33masa333,"#鬼滅の刃 #Amazon

⭐️きめつたまごっち⭐️

☆たんじろうっちカラー

Amazonでチェック♪
https://t.co/0BS5mAK4Lk",1.3114427097022996e+18
6,2020-09-30 23:11:45,AmazonCoin_io,"AmazonCoin ⬇
$AMA ➡ $0,0179

👉👉 https://t.co/GydSZXKIno 🌿

#amazoncoin #amazon #nature #decentralized #green #cryptocurrencies #cryptocurrency #crypto #defi #dex #cryptonews #ethereum #ether #eth #blockchain #coin #token #ico #tokensale #startup #bitcoin  #btc $BTC $ETH https://t.co/yZLOL7TVXv",1.311443646064087e+18
7,2020-09-30 23:10:10,CoolDealCA,"AquaDance High Pressure 6-Setting Shower Head for $16.42!!

*Rainfall one for $16 
  
#freebies #deals #deal #moneysaver #greatdeal #steals #discount #sale #bargain #bargainhunter #cheap #bestprice #Amazon  #Deals #giveaway #Deal #ganga

 https://t.co/v5VAMdolXr https://t.co/TdzJmUIa9v",1.311443248339202e+18
8,2020-09-30 23:11:47,dealtikka,Buy DOWNCOOL Reversible Down Alternative Comforter- All Season Ultra Soft Duvet Insert 4 Loops-Box Stitched- Machine Washable-Black/Grey-King（Only King &amp; Cal-King） #Dailydeals #Discounts #HotDeals #Sale #Amazon #Coupons #Deals #USA htt ...,1.311443656973398e+18
9,2020-09-30 23:07:02,QAD4PodCast,"Fabio e Ricardo falam sobre #AmongUs, jogo sensação do momento, sobre a #Alexa, assistente virtual da #Amazon que acaba de lançar novas versões, e ainda comentam o Universo Expandido de #StrangerThings, composto por livros, jogos.

Ouça o #podcast aqui:
https://t.co/ZhzYdr20tH",1.3114424596170998e+18
10,2020-09-30 23:10:09,CoolDealCA,"Scotch Heavy Duty Shipping Packaging Tape for $12.19!! (Retail: $22.99)

#freebies #deals #deal #moneysaver #greatdeal #steals #discount #sale #bargain #bargainhunter #bargainshopper #cheap #bestprice #Amazon  #Deals #giveaway #Deal #ganga

 https://t.co/6e4RA6M15p https://t.co/o7ASNZnvdE",1.311443244992131e+18
11,2020-09-30 23:12:24,miumiuMH,"人間って、生きてる内に色々と大切なものを失うけど、でも、一方では『アメイジング グレイス』を授かっているのよね。その事にさえ気付けたらあとは何とかなるものよ。

虹の岬の喫茶店 (幻冬舎文庫) https://t.co/eCCThPckYW… #Amazon",1.3114438111978332e+18
12,2020-09-30 23:10:37,TheInStockRoom,"***New Deal***
Samsonite Freeform Hardside Ex...
Reduced from $199.99 to $114.00
https://t.co/g3bEjpw5EU
#Deals #newDeals #Amazon https://t.co/5P8RVDr4BC",1.3114433624536146e+18
13,2020-09-30 23:12:17,XperienceDope,"Blasting Ugly God - Water right now on Pretty Dope Xperience Radio aka #BlackPandora

listen now and catch a wave!! https://t.co/VqKFopeoex  #nowplaying #np #RT  #NowStreaming #Streema Download Now #Alexa #GooglePlay #iOSAppStore #Amazon #",1.31144378215245e+18
14,2020-09-30 23:08:37,ONpvwvadUewvz5v,"まだある😳💗💦

#楽天ROOM  #お買いものマラソン #買いまわり #楽天経済圏 #ポイ活 #コジ活 #楽天ポイント #楽天SPU #中秋の名月 #買取業者 #利益商品 #利益確定 #Amazon #せどり #転売 #電脳せどり #ポイントせどり #楽天ポイント https://t.co/JNgcKWiQtK",1.3114428579080315e+18
15,2020-09-30 23:05:32,kana_ogawa,"【ホビー】ベスト10
ホビープラス エアブラシ ダブルアクション 充電式軽量 USBタイプ 日本語説明書付き
https://t.co/p0vZXBwbDW #Amazon",1.311442082226086e+18
16,2020-09-30 23:11:53,HsHs42365115,Amazonでマイリストを作る手助けをしてください https://t.co/ykGhYQgSQZ #Amazon,1.311443681392513e+18
17,2020-09-30 23:08:08,amzn_deals_de,https://t.co/MTTwimK6Hh WHITIN Laufschuhe Herren Damen WT-S6 Leichte Turnschuhe #Amazon #Deal https://t.co/f7nSVFLP6l,1.3114427363069665e+18
18,2020-09-30 23:05:42,kana_ogawa,"【ホビー】ベスト10
プラモ向上委員会 ワークステーション プロ ホビー用工具 PMKJ002
https://t.co/LG4OrBa7a2 #Amazon",1.3114421258467656e+18
19,2020-09-30 23:06:33,pfantonio30,"sse é meu romance policial que está na #Amazon, inclusive concorrendo ao Prêmio Kindle de Literatura: ""Serial Killer"". Um romance cheio de mistérios e novidades até a última página. Acessem lá, por gentileza! #RomancePolicial. #Neymar #QuartaDetremuraSDV #QuandoMeApaixono053",1.3114423384100946e+18
20,2020-09-30 23:06:27,TheInStockRoom,"***New Deal***
V-Moda Crossfade Wireless Over...
Reduced from $134 to $100
https://t.co/j0keL6iKFI
#Deals #newDeals #savings #Amazon https://t.co/6gpmazfWTu",1.3114423114868122e+18
21,2020-09-30 23:08:00,dealtikka,"Buy Silicone Body Brushes with Double-sided Bristle Shower Long Brush, Soft Bath Brush Back Scrubber for Shower, Hygienic Silicone Brush Bath Towel Exfoliating Body Cleaning (Blue) #Dailydeals #Discounts #HotDeals #Sale #Amazon #Coupons #Deals #USA ...",1.3114427043463619e+18
22,2020-09-30 23:08:15,waribikisale48,"毎日クーポンを配布中★
商品により更なる値引きも可能です

詳細はツイッターからメッセージ
もしくはこちらまで
https://t.co/fieXNRNw6f

#セール #送料無料 #特価 #安い #格安 #通販 #楽天 #Amazon",1.311442765541077e+18
23,2020-09-30 23:06:05,dealtikka,"Buy Wall Repair Patch Kit with Scraper #Dailydeals #Discounts #HotDeals #Sale #Amazon #Coupons #Deals #USA https://t.co/044pULYi2a

https://t.co/044pULYi2a",1.3114422193967227e+18
24,2020-09-30 23:08:32,sougo_review,"Amazonで商品が安くなるタイミングはセールを除くと

・新規売り出し
・在庫処分

この２つに分かれる

#Amazon #セール #在庫処分 #新商品",1.3114428375446815e+18
25,2020-09-30 23:10:43,CoolDealCA,"💲💰
Samsonite Freeform Hardside Ex...
Reduced from $199.99 to $114.00

# #Deals #new #Deals #Amazon  #Deal #ganga

 https://t.co/TCZqUDGS5K https://t.co/2HlcsER94g",1.3114433867553178e+18
26,2020-09-30 23:11:11,pfantonio30,"sse é meu romance policial que está na #Amazon, inclusive concorrendo ao Prêmio Kindle de Literatura: ""Serial Killer"". Um romance cheio de mistérios e novidades até a última página. Acessem lá, por gentileza! #RomancePolicial. #Neymar #QuartaDetremuraSDV #QuandoMeApaixono053 https://t.co/kWtG6bO9i8",1.3114435046824878e+18
27,2020-09-03 18:26:48,LenovoLegion,"Lenovo Legion x @PlayApex
Now is your chance to rise above the rest. 
Unmatched performance, purposeful engineering, modern design.
Gear up with a machine as savage as you are.
Stylish outside.
Savage inside.",1.301587465258578e+18
28,2020-09-30 23:08:01,dealtikka,"Buy JiatuA Car Pet Barrier Auto Seat Net Organizer, Universal Stretchy Car Dog Barrier &amp; Mesh Cargo Net Hook Pouch Holder, Disturbing Stopper from Children and Pets as Car ... #Dailydeals #Discounts #HotDeals #Sale #Amazon #Coupons #Deals #USA ...",1.311442708922237e+18
29,2020-09-30 23:09:54,wko00,للطلب مفرش سيليكون للعجين مع القياسات لفرد البيتزا أزرق https://t.co/IiZuAtrUXx #Amazon,1.3114431817210798e+18
30,2020-09-30 23:07:28,BridgeValue,"#AMAZON の配送業務をお考えの方！

すぐに始めまれます！

格安カーリース

https://t.co/oz2X0smsBR

　#軽貨物運送 #カーリース #カーレンタル #佐川急便 #郵便局 #ヤマト運輸 #軽貨物",1.3114425700235592e+18
31,2020-09-30 23:10:27,rakten_kaden_,"10/01 08:10

【正規品 送料無料 あす楽】クレイツイオン ブラシ
【楽天】10340円
【Amazon】10780円

★楽天で購入すると★
 440円 お得（お得率4％）

↓お得な情報を一覧で確認出来るサイト
https://t.co/kMQYxgL6Rh

#楽天市場 #Amazon #お得 #せどり https://t.co/i0jegdh2Tx",1.31144331959185e+18
32,2020-09-30 23:05:48,kana_ogawa,"【ホビー】ベスト10
Tumao ヘッドルーペ ルーペ メガネ LED付拡大鏡 眼鏡の上装着 メガネゴムバンド両用 5レンズ交換調節 手芸読書作業
https://t.co/6TLWm8I9sh #Amazon",1.3114421479046472e+18
33,2020-09-30 23:05:27,kana_ogawa,"【ホビー】ベスト10
HOBBY MASTER 1/72 航空自衛隊 F-35A 第302飛行隊 69-8701 完成品 HA4423
https://t.co/ulLW4D1TNr #Amazon",1.311442060361134e+18
34,2020-09-30 23:06:12,amzn_deals_de,"https://t.co/e9FJFH1H0v Rankie USB 3.0 Kabel, Typ A zu Typ A, Schwarz, 1,8 m #Amazon #Deal https://t.co/E5b21rNJc2",1.311442251868975e+18
35,2020-09-30 23:08:49,ScoreTheHotDeal,"Mitchum Antiperspirant Deodorant - HALF OFF!

https://t.co/nfMzyjkYwM
#hotdeals #amazon #amazonfinds #mitchum #deodorant https://t.co/FPb2bgAJxx",1.311442910458585e+18
36,2020-09-30 23:12:24,creativemm12,"👉https://t.co/C3ZIBnvqbi #amazon👈
💯👉Auto Follower👈💯
💯👉#自動相互フォロー👈💯

#TFB
#Atlanta #Braves
#Deonte #Lee #Murray
#Henrik #Lundqvist
#1000ADay
#followtrick
#TFW
#固定RT
#TeamFollowBack
#固定ツイートRT
#bts
#seventeen",1.3114438103589478e+18
37,2020-09-30 23:10:49,kk7YZzxNsXjqiA2,"AWS最新動向追えてますか？
2020年10月1日8時のAWS関連書籍の売り上げランキングは？

 こちらをチェック↓
 https://t.co/bnYuVI7LIL 

#Amazon #アマゾン #ランキング #AWS #書籍 #参考書 #技術書",1.311443412650926e+18
38,2020-09-30 23:06:02,dealtikka,"Buy JUCFHY Duvet Cover King,600 Thread Count Cotton 3pcs King Duvet Cover Set Black Stripe Geometric Printed on White,Reversible with Zipper Closure 1 Duvet Cover and 2 Pillow Shams #Dailydeals #Discounts #HotDeals #Sale #Amazon #Coupons #Deals #USA ...",1.3114422098503926e+18
39,2020-09-30 23:07:35,kimura_books,話題のライトノベル！ '俺の○がこんなに可愛いわけがない (https://t.co/rwaNA4UlII)' #books #amazon,1.311442596690948e+18
40,2020-09-30 23:05:37,kana_ogawa,"【ホビー】ベスト10
HOMESTAR Classic (ホームスター クラシック) メタリックネイビー
https://t.co/UQMEh5ZVXs #Amazon",1.3114421040616243e+18
41,2020-09-30 23:08:52,danklefstad,"Arrives Friday. #PreOrder now for automatic delivery to #Amazon #Kindle https://t.co/W0an5CGwqh

UK https://t.co/i5ZVmZtotd https://t.co/8tq4IUhvgc",1.3114429201810596e+18
42,2020-09-30 23:08:29,iMarcus_Geek,"Cowboy Bebop remake as well as Lord of the Rings TV series will soon resume.

#Adaptation #Amazon #coronavirus #CowboyBebop #entertainmentNews #lordoftherings #Netflix https://t.co/xlN2ptjDxg https://t.co/BLTVMvQUls",1.3114428242908652e+18
43,2020-09-30 23:08:08,Covid_cardgame,The universe is even against me dating! Lucky Covid-the card game will keep me company. Grab your copy now. Link https://t.co/VUCV8UyjLV #dating #Netflix #netflixandchill #love #Kickstarter #cardgames #Christmasgifts #boardgamegeek #COVIDIDIOTS #crowdfunding #Amazon #bestbuy https://t.co/AF5WRrunPI,1.3114427364074414e+18
44,2020-09-30 23:08:20,lucyirv,Love Speculative Fiction? #Win a $100 #Amazon #GiftCard in this #Facebook &amp; #Twitter #Giveaway via @sffbookbonanza: https://t.co/TzlLhtjhPq,1.3114427875738706e+18
45,2020-09-30 23:11:32,TechDoctorUK,"📢Firestick Lite is better for the ""typical"" streamer than the 4K firestick 🤯
#firestick @troypoint #firesticklite #amazon

✅Find out why - https://t.co/zutnDKckPG
😚Appreciate your Likes &amp; Shares https://t.co/wztusG93CF",1.3114435936017326e+18
46,2020-09-30 23:07:24,konwaku_tantei,"困惑探偵第2話〜鼓膜蝶々〜　Amazonにて販売中！
お待たせしました！困惑探偵第2話が、通販でお求めいただけるようになりました！
ぜひぜひチェックをお願いします！

#困惑探偵　#ドラマＣD　#Amazon　#コミケ
https://t.co/WYC0Stbfxk",1.3114425504403784e+18
47,2020-09-30 23:06:32,CoolDealCA,"💲💰
V-Moda Crossfade Wireless Over...
Reduced from $134 to $100

# #Deals #new #Deals #savings #Amazon  #Deal #ganga

 https://t.co/Wbfvx77dqY https://t.co/DQJ3t79Poe",1.3114423355369062e+18
48,2020-09-30 23:08:03,dealtikka,"Buy Three-Direction Retractable Baby Gate, PRObebi Safety Gate Extra Wide 180cm/71 Inch for Doorway/Stairs/Stairway/Deck Gate Babies Pets - Champagne Aluminum + Pink Brackets + ... #Dailydeals #Discounts #HotDeals #Sale #Amazon #Coupons #Deals #USA ...",1.3114427135864218e+18
,date,screen_name,tweet,tweet_id
0,2020-09-30 23:05:22,kana_ogawa,"【ホビー】ベスト10
音楽劇ヨルハ Ver1.2
https://t.co/nOepmGZV97 #Amazon",1.3114420385130004e+18
1,2020-09-30 23:04:12,atushi5107,ガンガンフォロー！ジャンジャンフォローよろしく！フォロー返し１００％だよ　#followmeJP　#sougofollow　#followdaibosyu　#followme　#amazon,1.311441745553449e+18
2,2020-09-30 23:01:35,Ulbtsmichel,"""#Kopf und #Bauch"" - der #Podcast
Jeden #Donnerstag ab 06.00 Uhr gibt es eine neue #Folge. 
Die erste #Ausgabe ist JETZT online unter anderem bei #Spotify, #Apple, #Amazon und #Deezer. 
Viel Spaß!
https://t.co/9JUmI4HfSO",1.3114410898202665e+18
3,2020-09-30 23:05:06,kana_ogawa,"【ホビー】ベスト10
壽屋 創彩少女庭園 結城 まどか【桃桜高校・冬服】 全高約150mm 1/10スケール プラモデル JK001
https://t.co/ZD5K0PQgRN #Amazon",1.3114419718990684e+18
4,2020-09-30 23:04:14,thewayofgaming,"Buenas noticias. La serie de El Señor de Los Anillos que está produciendo #Amazon, ha reanudado filmaciones en Nueva Zelanda. Como muchas más había pausado a causa de la pandemia de COVID 19. La serie sería la más cara de la historia según reportes. https://t.co/smTcGsXNcE",1.3114417560098406e+18
5,2020-09-30 23:00:45,tetsuinujam,"おはようございます。
ズボラな僕に合いそうなPhotoshop の本買いました！

(作例データ・解説動画付き)#ズボラPhotoshop 知識いらずの絶品3分デザイン https://t.co/kQynOoMa7J #Amazon",1.3114408794129367e+18
6,2020-09-30 23:00:32,tmsl_info,"【限定数: 12】 Desert Walker 折り畳みアウトドアチェア 航空アルミ合金 キャンプ チェア 超軽量 1030G 迅速な組み立 ...
セール特価: ￥3,638 
OFF: ￥642 (15%)
https://t.co/YCMIVoAs7t
#Amazon #タイムセール",1.311440825318953e+18
7,2020-09-30 23:01:34,XperienceDope,"Blasting 4ORTYfIVE kINGS - MARY right now on Pretty Dope Xperience Radio aka #BlackPandora

listen now and catch a wave!! https://t.co/VqKFopeoex  #nowplaying #np #RT  #NowStreaming #Streema Download Now #Alexa #GooglePlay #iOSAppStore #Amazon #",1.3114410849171333e+18
8,2020-09-30 23:03:53,dealtikka,"Buy Foot Peel Mask Exfoliating - 2 Pack Baby Foot Peeling Scrub Mask Dead Skin cells Remover Repairs Rough Heels &amp; Get Smooth Baby Feet #Dailydeals #Discounts #HotDeals #Sale #Amazon #Coupons #Deals #USA https://t.co/GecOcagdQi

https://t.co/GecOcagdQi",1.3114416687684362e+18
9,2020-09-30 23:02:00,dealnarwhal,SCS Direct 1000pc Building Straws &amp; Connectors Set for Kids $29.99 https://t.co/ozVS0sAQyJ at #Amazon https://t.co/icWTcQ9DvT,1.311441191939068e+18
10,2020-09-30 23:05:20,yotubanokuro_b,"【毎月ラクに利益60万！？】
Amazonの商品を無在庫で扱え！
その ”最強ツール” がついに公開！

https://t.co/jj3prZcRae

#自動転売
#せどり
#Amazon
#副業
#転売",1.3114420312274985e+18
11,2020-09-30 23:05:25,LCy5HsI33j4opdL,"キャンプに備えて準備はバッチリですか？
2020年10月1日8時のアウトドア用品売り上げランキングは？

 こちらをチェック↓
 https://t.co/1TP1uTw4MA 

#Amazon #アマゾン #ランキング #アウトドア #キャンプ",1.3114420536335032e+18
12,2020-09-30 23:00:29,corvodobico,"A sequência de Borat (2006), filme de Sacha Baron Cohen, será lançado mundialmente no Amazon Prime Video, segundo o Deadline. #borat #amazonprimevideo #amazon #amazonprime #filmes #filme #cinema
https://t.co/Efax1JMi6T",1.3114408129711022e+18
13,2020-09-30 23:00:32,yuki_nagase,"【和書】ベスト10
働き方の哲学 360度の視点で仕事を考える
https://t.co/V6GUmW63MC #Amazon",1.3114408226220196e+18
14,2020-09-30 23:01:30,dealnarwhal,30W LED Flood Light $9.99 https://t.co/K3PGZx4QTL at #Amazon https://t.co/x4zLBHobhv,1.3114410679469752e+18
15,2020-09-30 23:04:18,tmsl_info,"【限定数: 2000 残: 500】 タブレット スタンド スマホスタンド フレキシブルアームスタンド 360°回転 高さ調整でき 卓上 ベ ...
セール特価: ￥756 
OFF: ￥134 (15%)
https://t.co/fd9SZDXwFA
#Amazon #タイムセール",1.311441770727633e+18
16,2020-09-30 23:03:14,burukuma_com,"amazon2020年10月のタイムセールを速報 https://t.co/QWzZxfBDg3 
#プライムデー
#プライムセール
開催決定😁
#amazon
#アマゾン
#アマゾンプライム 
#タイムセール 
#ニュース速報 
#ポイント
#キャンペーン 
#PS4
#PS5
ブルクマドットコムでは
キャンペーンを速報😊

フォロー下さい😏",1.3114415036889088e+18
17,2020-09-30 23:00:35,shinchaku,【発売日：2020/09/23】週刊少年サンデー 2020年43号(2020年9月23日発売) [雑誌]  https://t.co/wW0X1azUDG #amazon,1.3114408346975314e+18
18,2020-09-30 23:00:45,ampedcheddar,"Find our book ""Finances the Other ""F"" Word-Another ""F"" Word to Love on #Target, and #Barnes&amp;Nobel online and #amazon.

#podcast #podcasts #lasvegas #vegas #FTOFWpod #FOFWpod #financestheotherfword #finances #finance #money #music https://t.co/wCLmlReaQz",1.311440878494511e+18
19,2020-09-30 23:04:37,ThatTimGuyGames,Thr Amazon driver found me LOL. That or they like #arcade games! #amazondriver #amazon https://t.co/zmtR3n2yQ5,1.3114418514220442e+18
20,2020-09-30 23:00:42,yuki_nagase,"【和書】ベスト10
58歳から 日々を大切に小さく暮らす
https://t.co/Og2l9Jf14M #Amazon",1.3114408663811973e+18
21,2020-09-30 23:05:16,kana_ogawa,"【ホビー】ベスト10
月刊ホビージャパン2020年8月号 [雑誌]
https://t.co/W7mxHpHjTN #Amazon",1.311442016706863e+18
22,2020-09-30 23:00:37,yuki_nagase,"【和書】ベスト10
食卓の経営塾 DEAN &amp; DELUCA 心に響くビジネスの育て方 (ハーパーコリンズ・ノンフィクション)
https://t.co/xO0IGIGoNS #Amazon",1.3114408444617646e+18
23,2020-09-30 23:00:34,shinchaku,【発売日：2020/09/15】わたしの幸せな結婚　四 (富士見L文庫)  https://t.co/UlJTKRPQCy #amazon,1.3114408335609283e+18
24,2020-09-30 23:00:55,CoolDealCA,"💲💰
L'Oreal Paris #Makeup Infallibl...
Reduced from $10.99 to $5.57

# #Deals #new #Deals #Amazon  #Deal #ganga

 https://t.co/vKQrUztb61 https://t.co/vqadKu2QNK",1.3114409196196864e+18
25,2020-09-30 23:00:36,shinchaku,【発売日：2020/09/25】異世界魔法は遅れてる！(7) (ガルドコミックス)  https://t.co/BgtsMz4LVp #amazon,1.3114408419621233e+18
26,2020-09-30 23:00:31,shinchaku,【発売日：2020/09/12】月刊少女野崎くん 12巻 (デジタル版ガンガンコミックスONLINE)  https://t.co/c6GPFMLAiH #amazon,1.3114408212842004e+18
27,2020-09-30 23:00:33,shinchaku,【発売日：2020/09/23】ディーふらぐ！ 15 (MFコミックス　アライブシリーズ)  https://t.co/XWK5VXNT8m #amazon,1.311440829324632e+18
28,2020-09-30 23:02:41,creativemm12,"&lt;Current Weather&gt;
Boston
Temperature: 65.75°F/ Status: clouds
👉https://t.co/YV0wFk5WCK #amazon👈
💯👉Auto Follower👈💯
💯👉#自動相互フォロー👈💯

#RT企画
#Pixel #5
#Deonte #Lee #Murray
#NPR
#followergenerator
#autofollower
#followtrick
#拡散希望RTお願いします
#",1.3114413650000978e+18
29,2020-09-30 23:05:00,kana_ogawa,"【ホビー】ベスト10
ポケットモンスター スマホロトム
https://t.co/3QM6Zwu6uE #Amazon",1.311441950109651e+18
30,2020-09-30 23:00:31,shinchaku,【発売日：2020/09/29】梅澤美波1st写真集 夢の近く  https://t.co/fiWu59ulY1 #amazon,1.3114408178658632e+18
31,2020-09-30 23:05:27,rakten_kaden_,"10/01 08:05

高圧洗浄機 KARCHER(ケルヒャー) K3サイ
【楽天】25190円
【Amazon】25980円

★楽天で購入すると★
 790円 お得（お得率3％）

↓お得な情報を一覧で確認出来るサイト
https://t.co/kMQYxgL6Rh

#楽天市場 #Amazon #お得 #せどり https://t.co/MuJjkmlgXf",1.31144205957265e+18
32,2020-09-30 23:00:46,siscotecnologia,"La palma de la mano para identificarnos y pagar: Amazon One se olvida de la huella dactilar y el iris para la identificación biométrica✋💵🖥
https://t.co/Lwk0ZbIB46 👈👈
Rescatado de: Xataka 
#Amazon #SeguridadBiométrica #One",1.3114408843580948e+18
33,2020-09-30 23:00:49,TheInStockRoom,"***New Deal***
L'Oreal Paris Makeup Infallibl...
Reduced from $10.99 to $5.57
https://t.co/OCX2u9VZWb
#Deals #newDeals #Amazon https://t.co/7v7AG2sRve",1.3114408953304433e+18
34,2020-09-30 23:00:39,monhaco,"【ブログ更新！】新型Fire TV Stickを購入しました。前のモデルから大幅にスペックアップして、サクサク動きます。早送りも巻き戻しも快適。買い換えて損のないモデルです。
#fireTVstick
#amazon
#ガジェット
https://t.co/jiKJvmyr4i",1.3114408529595965e+18
35,2020-09-30 23:00:47,yuki_nagase,"【和書】ベスト10
Python2年生 スクレイピングのしくみ 体験してわかる！会話でまなべる！
https://t.co/9YHZPV5j9c #Amazon",1.311440888246096e+18
36,2020-09-30 23:05:11,kana_ogawa,"【ホビー】ベスト10
月刊ホビージャパン2020年9月号 [雑誌]
https://t.co/acpnAUmYjQ #Amazon",1.3114419937849426e+18
37,2020-09-30 23:04:52,myuki00,"AI時代の到来！
せどり業界もついにここまで来たか！究極の【無在庫自動出品ツール】とは？！

https://t.co/KMgsfkenDr

#自動転売
#せどり
#Amazon
#副業
#転売
#不労所得",1.3114419127426376e+18
38,2020-09-30 23:03:28,cycle_okb,Amazon 出品中。要点解説付き わかる！使える！実用ギター・コード Amazon最安値更新中!! 限定1点 https://t.co/Vn5pAPbXV2 #guitar #music #amazon,1.31144156017365e+18
39,2020-09-30 23:04:05,amzn_deals_de,https://t.co/dkiNHspi5m BAOLESEM Baby Lauflernschuhe Jungen Mädchen Weicher Leder Krabbelschuhe Kleinkind Babyhausschuhe Rutschfesten Wildledersohlen #Amazon #Deal https://t.co/xVFCvxqHMY,1.3114417188777902e+18
40,2020-09-30 23:05:10,CoolDealCA,"Compact HEPA Air Purifier for $47.19!!

#freebies #deals #deal #moneysaver #greatdeal #steals #discount #sale #bargain #bargainhunter #bargainshopper #cheap #bestprice #Amazon  #Deals #giveaway #Deal #ganga

 https://t.co/L3gXnTHhru https://t.co/FaXFxquDZm",1.311441988852609e+18
41,2020-09-30 23:00:29,9xW4hkYPgZrlAzS,"今日もお金の知識を増やしましょう！
2020年10月1日8時のお金に関する書籍の売り上げランキングは？

 こちらをチェック↓
 https://t.co/mGOysUPnlD 

#Amazon #アマゾン #ランキング #書籍 #お金 #投資 #金融 #株 #FX #トレード #不動産",1.311440812090114e+18
42,2020-09-30 23:05:16,Salesdc2,"15 15.6 inch Laptop Notebook Skin Vinyl Sticker Cover Decal Fits
 Follow the link for buying ( LINK in Bio )
#Amazon #Laptop #laptopstickers #laptoplifestyle #computer #stickershop #Fifa21 #Apple #mac #Lenovo #Dell #ebayseller #ebay #amazonfinds #selling #gamers #games #stream https://t.co/QqRzksJZrV",1.3114420153606144e+18
43,2020-09-30 23:03:07,johnhartness,It's like if Ash v. The Evil Dead was filmed in South Carolina with your redneck in-laws as the cast. Check out Bubba the Monster Hunter in #kindleunlimited today! https://t.co/YUgMh9P5mJ #ebook #fantasy #horror #comedy #Amazon https://t.co/buuPzylXAh,1.3114414753271357e+18
44,2020-09-30 23:00:41,CoolDealCA,"10000, Ultra-Compact High-Speed Portable Charger only $10.99!!

#freebies #deals #deal #moneysaver #greatdeal #steals #discount #sale #bargain #bargainhunter #bargainshopper #cheap #bestprice #Amazon  #Deals #giveaway #Deal #ganga

 https://t.co/QC2G8rAWKJ https://t.co/Q4yWTex457",1.3114408600605696e+18
45,2020-09-30 23:03:17,INTsushinsha,"『オーイズミグループの挑戦: 驚きと感動のホスピタリティ産業を追求』Kindle版
https://t.co/4pNydptRGi
「遊」「食」「動」「明」をテーマに躍進するオーイズミグループの未来戦略―― #Kindle #Amazon #電子ブック",1.3114415164144312e+18
46,2020-09-30 23:03:05,AuthorOSanchez,"Because we never settle for the shallow end.-The Dive.
https://t.co/ywvsnHDEKs
#amazon #kindle #humor #urban https://t.co/EsEEr7bPRd",1.3114414645729485e+18
47,2020-09-30 23:02:01,CopperPennySEO,"Peek inside the multi-million dollar #contentmarketing strategy of Tony Robbins, #Amazon, Supreme, and other world class companies.

https://t.co/o3gZzgW9ZS #contentmarketingstrategy",1.311441196338864e+18
48,2020-09-30 23:04:00,budgetsew,"♥️🧵SEWING KIT FOR ONLY 💲17.97 CAD - AMAZON REVIEW🧵♥️

If you enjoyed this #review, please #like &amp; #subscribe to my #youtubechannel.

https://t.co/XBCaRvW6i5

#fashion #amazon #amazonreview #sewing #reviews #fabrics #video #sewtember #blog #blogging #YouTube #YouTuber #DIY #sew",1.311441695540568e+18
49,2020-09-30 23:01:23,burukuma_com,"amazon2020年9月のタイムセールを速報 https://t.co/QWzZxfBDg3 

#amazon
#アマゾン
#アマゾンプライム 
#タイムセール 
#ニュース速報 
#ポイント
#キャンペーン 
#PS4
#PS5
ブルクマドットコムでは
#Yahooショッピング や
#楽天市場
のキャンペーンも速報😊
#Yahooニュース

フォロー下さいね😏",1.3114410392662548e+18
,date,screen_name,tweet,tweet_id
0,2020-09-30 23:00:26,yuki_nagase,"【和書】ベスト10
みんなの日本語 初級I 第2版 本冊
https://t.co/YMDQNNTmem #Amazon",1.3114408007738614e+18
1,2020-09-30 22:52:38,EmpyreRock,"Not sure Amazon could deliver a Yamaha CFX Grand Piano 

But we do know that they can deliver ‘Only Way Out’ (Piano Acoustic) to your phones! 

Available on @amazonmusic 

https://t.co/cgWcQaHUPQ

@YamahaMusicEU @YamahaUK @YamahaPianos #yamahacpx #newmusic #empyre #amazon #rock",1.311438835532923e+18
2,2020-09-30 23:00:21,yuki_nagase,"【和書】ベスト10
伝わる[図・グラフ・表]のデザインテクニック
https://t.co/6peyo4ULPq #Amazon",1.3114407789299466e+18
3,2020-09-30 23:00:11,yuki_nagase,"【和書】ベスト10
アフターデジタル オフラインのない時代に生き残る
https://t.co/TaloYJP1Ij #Amazon",1.3114407352672174e+18
4,2020-09-30 23:00:06,yuki_nagase,"【和書】ベスト10
どこでも誰とでも働ける――12の会社で学んだ“これから”の仕事と転職のルール
https://t.co/R8jVjc7fVx #Amazon",1.3114407134275052e+18
5,2020-09-30 22:58:01,quietlightinc,"#LISTINGALERT

This #Amazon #FBA outdoor active-wear #business has a 13 year-history of #solidearnings with #profits exceeding $400,000+. 

**LEARN MORE**
https://t.co/7Heb1V8MfV

#quietlightbrokerage
#businessopportunity https://t.co/ejvc26lQwD",1.3114401925580595e+18
6,2020-09-30 23:00:28,Ayther2,"Toutes les infos concernant la sortie de l'épisode 7 de la Saison 2 de The Boys sur Amazon Prime Video !

https://t.co/FEQvkRTOpb

#TheBoys #Amazon",1.3114408069187297e+18
7,2020-09-30 22:57:39,amzn_deals_de,https://t.co/FIMU1cacYr UGREEN Y Adapter Klinke 3.5 mm 2 Kopfhörer Adapter 20cm Y Kabel mit Vergoldeter Kontakte Audio Aux Splitter für Handy/Smartphone Kopfhörer Lautsprecher #Amazon #Deal https://t.co/0hqa8jdEDu,1.3114400979974758e+18
8,2020-09-30 23:00:11,dealnarwhal,Listerine Cool Mint Antiseptic Oral Care Mouthwash to Kill 99% of Germs that Cause Bad Breath $2.97 https://t.co/HJuB8nu6c3 at #Amazon https://t.co/oLGyECiXjl,1.311440735988863e+18
9,2020-09-30 22:58:31,XperienceDope,"Blasting E-40, Tee Grizzley, Rod Wave - Made This Way (Club) right now on Pretty Dope Xperience Radio aka #BlackPandora

listen now and catch a wave!! https://t.co/VqKFopeoex  #nowplaying #np #RT  #NowStreaming #Streema Download Now #Alexa #GooglePlay #iOSAppStore #Amazon #",1.3114403145618964e+18
10,2020-09-30 22:53:09,amzn_deals_de,https://t.co/ohunmz9A5k Kinder Funkgeräte #Amazon #Deal https://t.co/G2zQUt2LBh,1.311438963899601e+18
11,2020-09-30 22:58:07,amzn_deals_de,"https://t.co/99ItgbUPQq Lamicall Handy Autohalterung, Auto Vent Halterung #Amazon #Deal https://t.co/t6rH9Jfx4G",1.311440217107243e+18
12,2020-09-30 22:58:51,u_turn321,"アリエール ジェルボール 部屋干し用 洗濯洗剤 詰め替え テラジャンボ 90個入 https://t.co/u5FsyRBBY7 #Amazon
絶対足りなくなるし、何個買ったらちょうど良いさいずがもうわからなくて、とうとうテラジャンボの定期お得便にした。",1.3114404019081298e+18
13,2020-09-30 23:00:03,YabRock,Place to Be(初回限定盤)(DVD付) / #上原ひろみ https://t.co/sVwuCBKskp #Jazz #アマゾン #Amazon #AmazonJP,1.311440702493008e+18
14,2020-09-30 22:55:07,amzn_deals_de,"https://t.co/NQEP24KFCX Mishansha Unisex-Kinderschuhe Trekking- &amp; Wanderschuhe rutschfest Outdoor Freizeitschuhe,Gr.26-38 #Amazon #Deal https://t.co/nbS7W7swWF",1.3114394598046433e+18
15,2020-09-30 22:55:20,creativemm12,"#リズム時計工業(Rhythm) の 【https://t.co/Jzz9jFla35 限定】リズム時計 目覚まし時計 電波時計 温度計・湿度計付き フィットウェーブスマート ガンメタリック 8RZ166SR71
https://t.co/KGu5yegiWA
#相互RT
#buyandship
#amazon
#Deonte #Lee #Murray
#Everton #vs #West #Ham
#拜登",1.3114395169519575e+18
16,2020-09-30 23:00:00,elceo__,"Las ventas directas parecían estar amenazadas por las medidas ante la pandemia, pero no solo evitaron verse truncadas, sino que descubrieron una ventaja sobre gigantes del e-commerce como #MercadoLibre o #Amazon https://t.co/MBavl92dKd",1.3114406911768986e+18
17,2020-09-30 23:00:24,shinchaku,【発売日：2020/09/23】ポポロ 2020年 11 月号  https://t.co/tA5M1NH4WK #amazon,1.311440788912513e+18
18,2020-09-30 22:55:26,rakten_kaden_,"10/01 07:55

IHクッキングヒーター ビルトイン IHコンロ ビ
【楽天】10670円
【Amazon】10800円

★楽天で購入すると★
 130円 お得（お得率1％）

↓お得な情報を一覧で確認出来るサイト
https://t.co/kMQYxgL6Rh

#楽天市場 #Amazon #お得 #せどり https://t.co/HZwnUJxZbd",1.3114395397815951e+18
19,2020-09-30 23:00:06,FilmstripClub,¿No recuerdas si dejaste prendida la estufa? #Amazon y su nuevo #Gadget pueden 'echarte aguas' https://t.co/OEeZmf0c28,1.311440714807554e+18
20,2020-09-30 22:56:42,CoolDealCA,"Clorox Wipes in stock via #Amazon  Pantry!

*not all zip codes! #Deal #ganga

 https://t.co/wJp07NA4sS https://t.co/IsbxElrDvm",1.311439860876677e+18
21,2020-09-30 22:54:44,Dino11459073,"Last Chance! Would you like to win a $50 Amazon Gift Card or PayPal Deposit? Check out this easy entry Gleam giveaway for a chance to #WIN

Open Worldwide

@GooseGiveaways #wingiftcard #wincash #amazon #paypal #winmoney #sweepstakes #giveaways https://t.co/dufbA6wnLr",1.3114393649463542e+18
22,2020-09-30 23:00:16,yuki_nagase,"【和書】ベスト10
その悩み、哲学者がすでに答えを出しています
https://t.co/Fni8yL1VIJ #Amazon",1.311440757107028e+18
23,2020-09-30 23:00:24,shinchaku,【発売日：2020/09/18】キングダム 59 (ヤングジャンプコミックス)  https://t.co/ORRPBdA4lL #amazon,1.3114407910390252e+18
24,2020-09-30 22:54:42,Charlie_Cawood,"Chvrches - Get Out #bigtimeradio https://t.co/N76xPoatRr @Charlie_Cawood @BigTimeRadio1 @bigtime_news
 on #Amazon Echo &amp; App https://t.co/c7cZfm4MQo  #Top40 #Music 247 #Worldwide 3 #Radio #Stations 43 #Countries #Interviews #Billboard https://t.co/JiPHr6jZyC  #SUBMI",1.311439355991425e+18
25,2020-12-04 16:50:25,ProcterGamble,"Everyone has the power to do SOMETHING. Tune in at 7 p.m. Dec. 10 to #TriState Strong: Getting to Zero to be inspired by how your neighbors &amp; familiar faces from health care, media and business have pulled together #TriStateStrong #GettingToZero",1.3349028910736097e+18
26,2020-09-30 22:57:35,bmurphypointman,"#amazon #amazonprime #Amazonspecials #prime  All the tools you need for your content marketing operations for all channels including blogs, social networks and, newsletters. https://t.co/Cda9Er8QXB",1.3114400816187187e+18
27,2020-09-30 23:00:23,shinchaku,【発売日：2020/09/16】ONE PIECE 97 (ジャンプコミックス)  https://t.co/JkWajkbL7j #amazon,1.3114407845000643e+18
28,2020-09-30 22:54:00,ValladaresMarv,"Expectations are Hard to Overcome
#life #lifestyle #lifestylechange #lifegoals #lifecoach #expectations #expectationalwayshurts #amazon #ebook #author https://t.co/JOEO5V4yMW",1.3114391786731192e+18
29,2020-09-30 23:00:26,rakten_kaden_,"10/01 08:00

トヨトミ TOYOTOMI 対流式石油ストーブ (
【楽天】25400円
【Amazon】27741円

★楽天で購入すると★
 2341円 お得（お得率9％）

↓お得な情報を一覧で確認出来るサイト
https://t.co/kMQYxgL6Rh

#楽天市場 #Amazon #お得 #せどり https://t.co/7q70XYgzmJ",1.311440799779844e+18
30,2020-09-30 22:55:02,CloudChangelog,Optimizing Amazon Elastic Container Service for cost using scheduled scaling https://t.co/kYnc0sNAe5 #AWS #Amazon #AmazonElasticContainerService #Containers,1.3114394405612872e+18
31,2020-09-30 22:52:24,wigget16,Love Speculative Fiction? #Win a $100 #Amazon #GiftCard in this #Facebook &amp; #Twitter #Giveaway via @sffbookbonanza: https://t.co/4fKqeZLxBm,1.3114387785365217e+18
32,2020-09-30 23:00:00,yuki_nagase,"【和書】ベスト10
モチベーション革命 稼ぐために働きたくない世代の解体書 (NewsPicks Book)
https://t.co/TNTGoFe7Xb #Amazon",1.3114406916506747e+18
33,2020-09-30 23:00:16,musicalbumrevi,"Deradoorian - Find the Sun Music Album Reviews https://t.co/VSBcPDYEQy October 01, 2020 at 04:30AM #Experimental, Music Album Reviews #blogger #2k20 #blog #MusicAlbumReviews #amazon",1.3114407589149e+18
34,2020-09-30 22:55:03,GetYourHustle2,"Get https://t.co/e6pdHznJJT Fire 10"" 32GB HD Tablet with Caseable and App Voucher for only $99.99 was $179.99 from HSN 

Click here: https://t.co/OqFM0FQFOY

#tablet #fire #amazon #deal https://t.co/HzWTqqFWEv",1.3114394429646234e+18
35,2020-09-30 22:54:06,amzn_deals_de,"https://t.co/1cWGT1FPaD Grefay Fahrrad Handyhalterung Universal Motorrad Handy Halterung für 3,5-6,5 Zoll Smartphone mit 360° Drehbar #Amazon #Deal https://t.co/1IPPuyDJH4",1.3114392034026824e+18
36,2020-09-30 23:00:00,AlphaRepricer,"Alpha Repricer will increase your Amazon sales.
https://t.co/DWHYDAuVAy
#Amazon #AmazonRepricer #AlphaRepricer #Sellers #OnlineSellers #FBA #AmazonBusiness #amazonmarketplace #fbasellers #USA #Iowa #California #NewJersey #Vermont #NewYork #Utah #Washington #Alaska #Georgia #Texas https://t.co/WojurpAma5",1.311440691029975e+18
37,2020-09-30 23:00:27,MADShampoo,"MAD Shampoo
 Album
KaleidoScorpio and Mercury Mist

#Spotify
#Applemusic
#iTunes
#Googleplay
#Amazon
#Deezer
 https://t.co/VHloaniRji",1.3114408018727936e+18
38,2020-09-30 22:55:00,shadowconn,"Music for Writing

For keeping the inspiration and words flowing!

https://t.co/UDhRGKbLh8

#amazon @amazon #fiction #writing",1.3114394304864993e+18
39,2020-09-30 23:00:18,buybooks_amazon,#BestBooks #Amazon #Geography : THE GEOGRAPHY OF GENIUS --&gt; https://t.co/tz4uQYaWE8,1.3114407656843346e+18
40,2020-09-30 22:53:27,meihaiwh,黒猫館・続 黒猫館 (星海社FICTIONS) https://t.co/GWwq2C577z #Amazon,1.311439042794287e+18
41,2020-09-30 22:54:43,XperienceDope,"Blasting @XperienceDope - Follow our Twitter right now on Pretty Dope Xperience Radio aka #BlackPandora

listen now and catch a wave!! https://t.co/VqKFopeoex  #nowplaying #np #RT  #NowStreaming #Streema Download Now #Alexa #GooglePlay #iOSAppStore #Amazon #",1.3114393620857856e+18
42,2020-09-30 22:57:01,CoolDealCA,"Get those Amazon purchases 🎁shipped faster for free 
One month #free #Amazon Prime trial
6 month 👀 free for students
click for details
https://t.co/vkCEWOmxOz https://t.co/rGP7ftLIkt",1.3114399410213356e+18
43,2020-09-30 23:00:20,shinchaku,【発売日：2020/09/25】とんでもスキルで異世界放浪メシ 6 (ガルドコミックス)  https://t.co/lP0MRgGCKN #amazon,1.3114407732090348e+18
44,2020-09-30 22:55:02,CouponTerri,Reload your #Amazon Gift Card Balance w/$100 or more Get a $10 Reward (Applicable on First Reload Only)... https://t.co/MqudDtnObv,1.311439438011138e+18
45,2020-09-30 23:00:04,amoredesigntees,Our tees also on Amazon https://t.co/Mwmr0Sy2c0 #amazon #tees #amoredesign,1.31144070766472e+18
46,2020-09-30 22:55:29,tweets_worthy,"Discount at Checkout: Amazon has the 2020 model Apple Macbook Pro 13.3"" 10th gen Intel i5 core laptop w/ 16GB RAM 512GB SSD for $1599.99 free shipping https://t.co/4STVdrL5LD #Amazon #Apple #MacbookPro #Deals #FoundItOnAmazon https://t.co/RmCI0pTP34",1.3114395545372303e+18
47,2020-09-30 22:59:57,RWAVP,#ConcreteJungle #ebook #preorder #release #novel #newauthor #novelwriting #amazon #KDP #kindle #kindledirectpublishing #kindleunlimited @ Landsdale https://t.co/IEyAQiCkxO,1.3114406755026862e+18
48,2020-09-30 23:00:25,shinchaku,【発売日：2020/09/03】Number(ナンバー)1010号「藤井聡太と将棋の天才」 (Sports Graphic Number(スポーツ・グラフィック ナンバー))  https://t.co/WHzpxOHzga #amazon,1.31144079549338e+18
49,2020-09-30 23:00:00,Brazyn_Life,"⭐️⭐️⭐️⭐️⭐️- Amazon Reviewer
""Great Roller! Roller is as advertised. I am an roller and this is a nice, sturdy, hard roller. It is even longer than a standard roller. Great for travel as I always travel with my roller""
#foamroller #Amazon #Foamrolling #fitness #recovery #fitness",1.3114406891929846e+18
,date,screen_name,tweet,tweet_id
0,2020-09-30 22:50:03,mrlitoralis,"Official US Salux site beats #amazon price unless you want a fake.  Free same day shipping, no membership required.  Only at the https://t.co/KoyZvoiQCB #exfoliate #skincare #covid_19 #washyourhands https://t.co/Qfj8Wsi8QD",1.311438184799142e+18
1,2020-09-30 22:45:23,CoolDealCA,"💲💰
2-Ct Glade 2 in1 Jar Candle Ai...
Reduced from $5.99 to $3.90

# #Deals #new #Deals #Discounts #Amazon  #Deal #ganga

 https://t.co/kNVyAzlVkw https://t.co/5Wj9fC5QR2",1.3114370132167885e+18
2,2020-09-30 22:50:25,rakten_kaden_,"10/01 07:50

【あす楽 土日も即納】象印 RF-EA20-WA 
【楽天】10775円
【Amazon】14200円

★楽天で購入すると★
 3425円 お得（お得率32％）

↓お得な情報を一覧で確認出来るサイト
https://t.co/kMQYxgL6Rh

#楽天市場 #Amazon #お得 #せどり https://t.co/DxsQIRyEUJ",1.3114382796407194e+18
3,2020-09-30 22:50:12,ykswld,【バドミントン松友選手愛用サポーターブラ...今売れています！https://t.co/n7zN1OjMf2 #follow #sougo #Amazon #アマゾン,1.311438223588184e+18
4,2020-09-30 22:45:57,yellowmarket,"凄い彼岸花の群生

東京都世田谷区南烏山5-1-13 03-5384-4173 #千歳烏山 #世田谷 #東京 #サーフィン #サーフショップ #イエローマーケット #yellowmatrket #楽天 #ヤフオク #京王線 #久我山 #芦花公園 #amazon #仙川 #クリエイチャー  場所: イエローマーケット https://t.co/tm78imuisb",1.3114371551605228e+18
5,2020-09-30 22:45:07,amzn_deals_us,"https://t.co/3Fy9b2oID8 EcoNour Car Windshield Sun Shade - Blocks UV Rays Sun Visor Protector, Sunshade to Keep Your Vehicle Cool and Damage Free,Easy to Use,Fits Windshields of Various Size #Amazon #Deal #EasyToUse https://t.co/AvcvwG2H63",1.3114369432936407e+18
6,2020-09-30 22:47:10,monkjona,"#Google has a nicer voice than Alexa &amp; she isn't hiding, like #Amazon, like the #serpent in the #Garden of #Eve. Trump hides, behind high wizardry in masonic &amp; occult secret societies. Surprise, #evangelicals, he thinks he's Apollo, the sun god!
@maddow #EWTN #CBN #frogs @jdfarag https://t.co/xssXX5htTr",1.3114374587021353e+18
7,2020-09-30 22:43:04,amzn_deals_us,https://t.co/WH5y8wywei Feetmat Men's Non Slip Gym Sneakers Lightweight Breathable Athletic Running Walking Tennis Shoes #Amazon #Deal https://t.co/zWPjfixi7X,1.3114364304351437e+18
8,2020-09-30 22:44:22,iDefender_Pak,"How to Create UK LTD Company from Pakistan. A Complete info For UK Amazon company setup 
.
 #Amazon #AmazonFBAseller #amazonfba #digitalmarketing https://t.co/KbuCHSndb3",1.311436754055037e+18
9,2020-09-30 22:42:01,robinsnewswire,"""6-Piecces BabeNail Gel Nail Polish Set only $8.39: eDeal Info"" #Amazon #Ebay #Walmart #Discounts #Coupons #Deals: https://t.co/2JcKNC7vqF",1.3114361641050358e+18
10,2020-09-30 22:44:32,Christinebworks,Constitutional Grit: Using Grit as the Catalyst for Female Equity ... https://t.co/PuXhz0JokS #Amazon,1.3114367968577044e+18
11,2020-09-30 22:42:01,robinsnewswire,"""Microsoft Xbox S 512GB All-Digital Console (White): eDeal Info"" #Amazon #Ebay #Walmart #Discounts #Coupons #Deals: https://t.co/zvnHI4mKks",1.3114361645747978e+18
12,2020-09-30 22:43:56,Jyzee2,"Gros contraste entre les pubs sympas avec de beaux témoignages et la réalité encore une fois. Mais à quoi s'attendre d'autre de la part d'#Amazon ? Il faut boycotter leur site et boutiques et ne pas y travailler. 

#travail #USA #EtatsUnis https://t.co/Asibj2reaE",1.3114366473476506e+18
13,2020-09-30 22:43:51,creativemm12,"👉https://t.co/Y0MfKFyfOt #amazon👈
💯👉Auto Follower👈💯
💯👉#自動相互フォロー👈💯

#followermachine
#Palantir
#Donald #Trump #Jr
#Henrik #Lundqvist
#固定RT
#相互RT
#相互リツイート
#500ADay
#TFB
#TeamFollowBack
#bts
#seventeen",1.311436625713324e+18
14,2020-09-30 22:47:54,Sweetnella173,https://t.co/XFEUqdEqWT  #AmazonWishList #Amazon #gift,1.311437646531625e+18
15,2020-09-30 22:45:54,CoolDealCA,"NEW Ring Doorbell 2nd Gen PLUS #Amazon  Echo dot for $79.99, $50 off!!

Silver/Bronze in stock! #Deal #ganga

 https://t.co/pymMi7KiYQ https://t.co/jjiyaGDWYU",1.311437141327704e+18
16,2020-09-30 22:51:17,XperienceDope,"Blasting Red Cafe, Young M.A, Kojo Funds - Tunn Up right now on Pretty Dope Xperience Radio aka #BlackPandora

listen now and catch a wave!! https://t.co/VqKFopeoex  #nowplaying #np #RT  #NowStreaming #Streema Download Now #Alexa #GooglePlay #iOSAppStore #Amazon #",1.311438497279021e+18
17,2020-09-30 22:43:55,best_deals_US,"Available at discount:
Sharpie Twin Tip Fine Point and Ultra Fine Point Permanent Markers, 1 Black Marker(32101PP), 1-Count, Standard Packaging

Offer price: $1.99 (77% OFF!)
Retail: $8.55

https://t.co/tbdVWRKPW7

#Amazon #deals #RT https://t.co/KprEuQtoHh",1.3114366435852575e+18
18,2020-09-30 22:48:01,DesignbyElisa,Todays Talk Tees VOTE BE A VOICE NOT A VICTIM T-Shirt https://t.co/IsQcAdJYcm #Amazon,1.311437674822148e+18
19,2020-09-30 22:42:01,robinsnewswire,"""5-Pack adidas Women's Creator Hairbands only $7.00: eDeal Info"" #Amazon #Ebay #Walmart #Discounts #Coupons #Deals: https://t.co/yeqZrZD6Hk",1.311436165539537e+18
20,2020-09-30 22:46:29,GBBargainSleuth,The Woman Before Wallis by Bryn Turnbull only $2.99 on Kindle right now. #kindle #kindledeals #ad #amazon #amazonbooks #ladyfurness #dukeofwindsor #houseofwindsor #wallissimpson https://t.co/aG7CUuGRWM via @GBBargainSleuth,1.311437289839571e+18
21,2020-09-30 22:51:08,ONpvwvadUewvz5v,"対象商品2万円分が1万円に！「選べる福袋」

#楽天ROOM  #お買いものマラソン #買いまわり #楽天経済圏 #ポイ活 #コジ活 #楽天ポイント #楽天SPU #楽天スーパーセール #買取業者 #利益商品 #利益確定 #Amazon #せどり #転売 #電脳せどり #中秋の名月　https://t.co/CYCUZKvcy0",1.3114384564977336e+18
22,2020-09-30 22:46:50,byLilyV,"Get #IT #CERTIFIED 
One lesson, four #AWS certificates!
Enrol https://t.co/MTTCw6V3Vu
#cloudcomputing #amazon #cloud #certification https://t.co/ro0IKyRX4S",1.3114373765191107e+18
23,2020-09-30 22:50:08,amzn_deals_de,https://t.co/vEWItrCHnz -20% auf Amazon-Marken #Amazon #Deal https://t.co/4cD306Nn6u,1.3114382073771786e+18
24,2020-09-30 22:43:34,daikonyade,The Black Brothers https://t.co/UpXhZAYqOi #Amazon,1.3114365556643308e+18
25,2020-09-30 22:51:07,amzn_deals_de,"https://t.co/fDcEKs1oLc ""Psyche? Hat doch jeder!"" und mehr ab 0,98€ #Amazon #Deal https://t.co/KxQnTFBKf8",1.3114384542790902e+18
26,2020-09-30 22:47:40,BelmorMC,Al final todos los formatos vuelven año físico #Audiolibro #amazon https://t.co/UzdFDBYuDk,1.3114375844097352e+18
27,2020-09-30 22:46:57,RomainStutzmann,"#Amazon introduit le paiement sans contact avec la paume de la main

https://t.co/E6Lg3nEi0v",1.311437406990721e+18
28,2020-11-10 19:27:48,amazon,"Shanika, a leader with the Amazon Future Engineer program, fights for equal access to STEM education. She's committed to providing quality, hands-on learning for all students, no matter their zip code or skin color.",1.3262451923539968e+18
29,2020-09-30 22:45:07,isabellathorne7,"After all she suffered, is it possible for Temperance to believe in love again?

Available at #Amazon and on #KindleUnlimited
https://t.co/pg3Kj3Tg6r

#regency #romance #bookworm #readers #readmore #IsabellaThorne https://t.co/whmYlC9IpD",1.311436944778371e+18
30,2020-09-30 22:49:24,Info_forever01,CHANEL(シャネル) エゴイスト プラチナム EDT 100ml 【並行輸入品】  https://t.co/wgceXxpKq6　シャネル(*´∀`*)　#amazon #beauty #beautiful #happy #life #cosme #bodycare #skincare #everyday #love #chanel #シャネル,1.3114380232262533e+18
31,2020-09-30 22:48:15,XperienceDope,"Blasting Snoop Dogg - Let Bygones Be Bygones right now on Pretty Dope Xperience Radio aka #BlackPandora

listen now and catch a wave!! https://t.co/VqKFopeoex  #nowplaying #np #RT  #NowStreaming #Streema Download Now #Alexa #GooglePlay #iOSAppStore #Amazon #",1.3114377321373655e+18
32,2020-09-30 22:42:50,petersondn1978,"""Sou eu que sou a luz que está sobre todos eles. Sou eu que sou o Todo. De mim saiu o Todo, e de mim o Todo se estendeu. Rachai um pedaço de madeira, e Eu estou lá. Levantai uma pedra e você me encontrará lá.""

#Amazon #ebooks #HistoriadoCristianismo

https://t.co/cRu5bwC6Y3",1.3114363689466184e+18
33,2020-09-30 22:42:02,BwcDeals,"Amazon's Big Fall Sale is here!!! 

https://t.co/ilO2jIh5Cm

#BwcDeals #Amazon #stealsanddeals #Deals #dailydeals #RespectForTeachers #DealsAndSteals https://t.co/xQiqS6jjbE",1.311436167930282e+18
34,2020-09-30 22:45:09,KevinWheldall,"Now also available as a Kindle download from Amazon.

Positive Teaching for Australian Primary Schools: Effective classro... https://t.co/QFipHCHwLk #Amazon",1.3114369510948495e+18
35,2020-09-30 22:44:07,amzn_deals_us,https://t.co/quTFVlhMjA downluxe Lightweight Down Alternative Comforter Set - Down Alternative Reversible Comforter #Amazon #Deal https://t.co/8tRVA7WxlN,1.311436691643732e+18
36,2020-09-30 22:45:15,DeniseSanger,This is SO PRETTY!  Made of sea glass and it lights up.  Would look so pretty this holiday season when the lights are dim. Get it for your home via amazon affiliate link here:  https://t.co/ejeiKAHbtf #amazon #ad,1.311436978106368e+18
37,2020-09-30 22:49:14,MMausch,Spannende Jobs in #Tübingen. Ich habe die Kritik am #Amazon-#KI-Zentrum hier nie nachvollziehen können. https://t.co/UYorqLDk18,1.311437978355589e+18
38,2020-09-30 22:48:12,Feralpaw,"Last Chance! Would you like to win a $50 Amazon Gift Card or PayPal Deposit? Check out this easy entry Gleam giveaway for a chance to #WIN

Open Worldwide

@GooseGiveaways #wingiftcard #wincash #amazon #paypal #winmoney #sweepstakes #giveaways https://t.co/I3F7onwlWD",1.3114377186316124e+18
39,2020-09-30 22:43:56,CARLOSCHOQUE,"""Walmart actually began its store redesign about a year ago, long before COVID-19. Its goal was to make shopping at Walmart a singular experience in which the app and the store itself spoke the same language"" #walmart #amazon #retailinnovation https://t.co/xb7leSjsqQ",1.3114366471464182e+18
40,2020-09-30 22:45:17,TheInStockRoom,"***New Deal***
2-Ct Glade 2 in1 Jar Candle Ai...
Reduced from $5.99 to $3.90
https://t.co/WQ1Fhsf8PU
#Deals #newDeals #Discounts #Amazon https://t.co/rng5E5SVv4",1.311436986541052e+18
41,2020-09-30 22:46:51,Eric74797663,Katie knows how to do her job. Too bad we don’t have a president like that. #PresidentialDebate2020 #nationalpodcastday #huluween #FIFA21 #Amazon https://t.co/yXwnPEMHl1,1.311437381493457e+18
42,2020-09-30 22:44:20,authorabryan,"Looking for something to read? Grab a copy of Dream Again. Love guided them to precisely what they needed—each other. https://t.co/TbyJB9wV5l
I can’t wait for you to dive in to witness the incredible transformative power of love. #Amazon #grabyourcopy #Kindleunlimited https://t.co/5YRtzzgar8",1.311436749189546e+18
43,2020-09-30 22:42:01,robinsnewswire,"""6-Pack Colgate Sparkling White Whitening Toothpaste only $7.52: eDeal Info"" #Amazon #Ebay #Walmart #Discounts #Coupons #Deals: https://t.co/Wgv9I4AkEp",1.311436164990083e+18
44,2020-09-30 22:45:13,XperienceDope,"Blasting Yung Ricc - Plottin on me right now on Pretty Dope Xperience Radio aka #BlackPandora

listen now and catch a wave!! https://t.co/VqKFopeoex  #nowplaying #np #RT  #NowStreaming #Streema Download Now #Alexa #GooglePlay #iOSAppStore #Amazon #",1.3114369706236723e+18
45,2020-09-30 22:45:25,rakten_kaden_,"10/01 07:45

ソニッケアー 電動歯ブラシ ガムヘルス+エアーフロ
【楽天】7980円
【Amazon】8980円

★楽天で購入すると★
 1000円 お得（お得率13％）

↓お得な情報を一覧で確認出来るサイト
https://t.co/kMQYxgL6Rh

#楽天市場 #Amazon #お得 #せどり https://t.co/SHuSIAS1ZL",1.311437019483054e+18
46,2020-09-30 22:46:06,amzn_deals_us,https://t.co/ky6YeK2abt LiCB 20 Pack LR44 AG13 357 303 SR44 Battery 1.5V Button Coin Cell Batteries #Amazon #Deal #LiCB #LWUSLR4420 https://t.co/Giq3ZT8SCo,1.3114371927414292e+18
47,2020-09-30 22:42:07,amzn_deals_us,"https://t.co/mY2fgw8AAM Thermometer for Adults by iHealth, Infrared Forehead Thermometer for Adults and Kids, Touchless Digital Baby Thermometer with Fever Indicator, Non Contact Thermometer (PT2L) #Amazon # https://t.co/ac8RhXvo4B",1.3114361872828334e+18
48,2020-09-30 22:50:50,satoregior,"「理論は情熱に敵わない」
プロゲーマー、ときど氏の本より。
医者の修行と同じものを感じる。

東大卒プロゲーマー 論理は結局、情熱にかなわない (PHP新書) https://t.co/jHFKdLQekU #Amazon",1.3114383808702382e+18
49,2020-09-30 22:45:11,CoolDealCA,"1080P Waterproof WiFi Home Security Surveillance #Camera for $36.99!!

#freebies #deals #deal #moneysaver #greatdeal #steals #discount #sale #bargain #bargainhunter #bargainshopper #cheap #bestprice #Amazon  #Deals #giveaway #Deal #ganga

 https://t.co/gwSlQBA5z5 https://t.co/3t3A7018vG",1.3114369591899955e+18
,date,screen_name,tweet,tweet_id
0,2020-09-30 22:35:50,JasonEBurack,"Meanwhile, the #FederalReserve, Wall Street, big gvmnt &amp; large corporations like #Amazon and #Walmart get more power as small businesses are wiped out by politicians keeping things locked down &amp; the Fed bailing out only large corporations. Never let a good crisis go to waste.",1.3114346078170358e+18
1,2020-09-30 22:31:53,2BRUKREW,"A Gunfighting Priest &amp; an Immortal Knight charge head-first into danger in the thrilling Action-Packed Supernatural #DarkFantasy &amp; #Paranormal #horror #book ""Keepers Of The Gate""! on #Amazon .99 cents!  
https://t.co/aGmThnbvQs
https://t.co/yBYLJsA73m
https://t.co/1GyKVhXhNm",1.3114336123198792e+18
2,2020-09-30 22:40:25,rakten_kaden_,"10/01 07:40

【正規品 送料無料 あす楽 海外対応】クレイツイオ
【楽天】5980円
【Amazon】6061円

★楽天で購入すると★
 81円 お得（お得率1％）

↓お得な情報を一覧で確認出来るサイト
https://t.co/kMQYxgL6Rh

#楽天市場 #Amazon #お得 #せどり https://t.co/cEu5qZtShC",1.3114357596524626e+18
3,2020-09-30 22:38:38,missyelliott69,"Not hating on #amazon as I buy plenty from there, but let’s support our little and local businesses this #Christmas it’s been an awful year for so many of them. Jeff at amazon won’t starve anytime soon but they might. #ShopLocal",1.311435311428309e+18
4,2020-09-30 22:35:37,kana_ogawa,"【ヒーリング】ベスト10
睡眠音楽デルタ波：あなたが眠るのを助けるリラックスした音楽、内なる平和
https://t.co/9YgQAaj1oR #Amazon",1.3114345549770875e+18
5,2020-09-30 22:41:07,amzn_deals_us,"https://t.co/o0FUS5wZyp Mens Slippers with Arch Support, Canvas House Slipper for Men with Cozy Fuzzy Wool and Velvet Lining, Slip On Clog House Shoes with Indoor Outdoor Anti-Skid Rubber Sole, Navy #Amazon #D https://t.co/rI4csrjkeS",1.311435936526463e+18
6,2020-09-30 22:33:46,MichaelBechard1,"Tell @FP_Champagne not to reward destruction of the #Amazon! 🔥 Jair Bolsanaro is gutting environmental laws, slashing environmental protection &amp; violating Indigenous rights. Halt Canada-Mercosur free trade deal! #ActForAmazon #ClimateAction @GreenpeaceCA https://t.co/6iZNVf6LuD",1.3114340862344356e+18
7,2020-09-30 22:33:51,EiadAkk,"اتمنى لو #Netflix او #YouTube او #Amazon ...

تقوم بإنتاج وثائقيات، برامج عن بطولة او نهائي مثلاً. بين الكواليس، التصريحات وتوجيهات المدرب للاعبه

عاشق التنس يفتقد للتفاصيل، لما يحدث بعيدا عن أرضية الملعب https://t.co/SU2LF2rP68",1.311434108636205e+18
8,2020-09-30 22:35:48,kana_ogawa,"【ヒーリング】ベスト10
改訂新訳ライフヒーリング(旧ライフ・ヒーリンク゛) You Can Heal Your Life
https://t.co/CmJ7lVGHf2 #Amazon",1.3114345989879603e+18
9,2020-09-30 22:35:53,jc_sanchez19,"Es el día del Podcast y que mejor oportunidad para escuchar el Proyecto JM 3.0. Juanma y @Lex_GC hicieron un gran programa hablando de #BlackWidow #Creepshow y de Tom Cruise. En videojuegos de #HyruleWarrios y de #Amazon, además de los remakes 😊
https://t.co/XSRnlNGN0n",1.3114346222916403e+18
10,2020-09-30 22:31:00,robertstanek,"Help us tweet for #robertstanek about his 1000th title.

https://t.co/iO0ZM2Dx0X

#amwriting #amblogging #epicfantasy #amazon #microsoft  #goodreads #BNSciFi https://t.co/QRmVaYZqlq",1.3114333906298716e+18
11,2020-09-30 22:35:27,kana_ogawa,"【ヒーリング】ベスト10
リラックスした音楽、森の音とともに
https://t.co/vHb2zD6G5W #Amazon",1.3114345105090642e+18
12,2020-09-30 22:35:57,RWAVP,"#ConcreteJungle by M.O. LeClair https://t.co/6DS8PmwKcH via @amazon You can now #preorder the #ConcreteJungle #eBook due for release on September 4th, 2021! 🙂
#KDP #KindleDirectPublishing #RWAVProductions #RoomWithAViewProductions
#Amazon",1.3114346373952307e+18
13,2020-09-30 22:35:21,kana_ogawa,"【ヒーリング】ベスト10
バーチャル・プラネタリウム 自宅で愉しむ「全天88星座」の世界
https://t.co/maiDoqFC7W #Amazon",1.3114344884134707e+18
14,2020-09-30 22:33:06,amzn_deals_us,"https://t.co/P2W9lNa8IL Car Charger Adapter by HUSSELL - USB Car Charger Dual Port, Qualcomm Quick Charge 3.0 + 5.4A/30W, 4X Fast - Compatible w/Any Cell Phone, iPhone Apple Samsung LG Nexus &amp; Tablets #Amazon #Deal https://t.co/sfm2oGpIM5",1.3114339216834929e+18
15,2020-09-30 22:40:02,CloudChangelog,Building custom language models to supercharge speech-to-text performance for Amazon Transcribe https://t.co/mx1hUd0wH1 #AWS #Amazon #AmazonTranscribe #ArtificialIntelligence,1.3114356632716943e+18
16,2020-09-30 22:33:12,AmazonReviewES,"¡Good night Choller@s!⁣
⁣
Aquí van los chollacos: 🤘 --&gt; https://t.co/jh4usbbGa3⁣
#chollos #amazon #rebajas #gangas #barato #otoño #autumn #winterIsComming #cool #bufanda https://t.co/ewyMHhfUbK",1.3114339435609784e+18
17,2020-09-30 22:35:02,CloudChangelog,Unified serverless streaming ETL architecture with Amazon Kinesis Data Analytics https://t.co/RtFT7YPjOm #AWS #Amazon #AmazonDynamoDB #AmazonKinesis,1.3114344072453816e+18
18,2020-09-30 22:35:32,kana_ogawa,"【ヒーリング】ベスト10
The Flow of Time
https://t.co/8OzWGDHeiO #Amazon",1.3114345326676214e+18
19,2020-09-30 22:35:16,kana_ogawa,"【ヒーリング】ベスト10
Whales
https://t.co/d85FhtSa8B #Amazon",1.3114344661207572e+18
20,2020-09-30 22:35:09,CoolDealCA,"2 Pack Premium Plush Pillow for $19.99!! 

#freebies #deals #deal #moneysaver #greatdeal #steals #discount #sale #bargain #bargainhunter #cheap #bestprice #Amazon  #Deals #giveaway #Deal #ganga

 https://t.co/XltZOqVQf6 https://t.co/NsCFO2zLEC",1.3114344378135142e+18
21,2020-09-30 22:31:00,Epywhitesox,@chicagosmayor Great endorsement for Chicago! We’re lucky enough to have some jerk show up at our house and harass us every few months to answer pointless questions. The only beneficiary is Amazon selling more Ring doorbells so we can avoid these creeps. #Census2020 #amazon #ring,1.3114333902231306e+18
22,2020-09-30 22:35:11,kana_ogawa,"【ヒーリング】ベスト10
沖縄の清流と叙情的なギターのしらべ
https://t.co/0l9w8ateak #Amazon",1.3114344441552282e+18
23,2020-09-30 22:35:09,CoolDealCA,"WD 2TB Elements Portable External Hard Drive for $64.99!! (Retail: $129.99)

#freebies #deals #deal #moneysaver #greatdeal #steals #discount #sale #bargain #bargainshopper #cheap #bestprice #Amazon  #Deals #giveaway #Deal #ganga

 https://t.co/s6mX9qKQaE https://t.co/alzuAYgaat",1.3114344351962685e+18
24,2020-09-30 22:36:01,Charlie_Cawood,"Follower - Voices #bigtimeradio https://t.co/N76xPoatRr @Charlie_Cawood @BigTimeRadio1 @bigtime_news
 on #Amazon Echo &amp; App https://t.co/c7cZfm4MQo  #Top40 #Music 247 #Worldwide 3 #Radio #Stations 43 #Countries #Interviews #Billboard https://t.co/JiPHr6jZyC  #SUBMI",1.3114346544577536e+18
25,2020-09-30 22:40:12,AntifaJenny,"Sorry, I did not end world hunger today. But hey, why don't you buy my books on #Amazon!",1.3114357077104271e+18
26,2020-09-30 22:35:04,amzn_deals_us,https://t.co/d52ZI327Eh Save $10 on Echo Dot #Amazon #Deal https://t.co/1EKqe6XGNN,1.3114344153782395e+18
27,2020-09-30 22:38:20,XperienceDope,"Blasting Rushiano - Body right now on Pretty Dope Xperience Radio aka #BlackPandora

listen now and catch a wave!! https://t.co/VqKFopeoex  #nowplaying #np #RT  #NowStreaming #Streema Download Now #Alexa #GooglePlay #iOSAppStore #Amazon #",1.3114352357295186e+18
28,2020-09-30 22:33:13,INTsushinsha,"『グランヴァンの挑戦―投資用マンション市場に逆発想で挑む』Kindle版
https://t.co/2BOVmkzFh4
#Kindle #amazon #電子ブック #マンション経営 #投資",1.3114339490721137e+18
29,2020-09-30 22:33:20,jpirrone28,@RaniaBatrice @AngelaDobbins12 @amazon @JeffBezos I’m not ordering another thing from #amazon til this comes down @JeffBezos,1.3114339808021053e+18
30,2020-09-30 22:35:43,kana_ogawa,"【ヒーリング】ベスト10
快眠シアター ぐっすり眠るためのハウツー＆ヒーリング
https://t.co/hyPCpfWMja #Amazon",1.3114345769594757e+18
31,2020-09-30 22:42:01,robinsnewswire,"""SWZA Carbon Fiber Minimalist RFID Blocking Wallet only $7.19: eDeal Info"" #Amazon #Ebay #Walmart #Discounts #Coupons #Deals: https://t.co/PZ0eprd0XN",1.3114361635555492e+18
32,2020-09-30 22:34:52,XperienceDope,"Blasting https://t.co/KwvjUkr04D - Blazing hot new artist right now on Pretty Dope Xperience Radio aka #BlackPandora

listen now and catch a wave!! https://t.co/VqKFopeoex  #nowplaying #np #RT  #NowStreaming #Streema Download Now #Alexa #GooglePlay #iOSAppStore #Amazon #",1.3114343653023785e+18
33,2020-09-30 22:41:09,grabancijas,"#Robotics 

Reveal reveals that there were 14,000 serious injuries in #Amazon's fulfillment centers in 2019. 7.7 serious injuries per 100 employees, up to 22 per 100 in some places.

https://t.co/5xUb16thka",1.3114359450828595e+18
34,2020-09-30 22:41:26,creativemm12,"👉https://t.co/gBiXAAiGfC #amazon👈
💯👉Auto Follower👈💯
💯👉#自動相互フォロー👈💯

#相互リツイート
#Palantir
#NBC #news
#Pixel #5
#FollowNGain
#TFB
#相互リツイート
#TFW
#TeamFollowBack
#1000ADay
#RT企画
#500ADay",1.3114360162096824e+18
35,2020-09-30 22:35:27,Dunnow3,"Last Chance! Would you like to win a $50 Amazon Gift Card or PayPal Deposit? Check out this easy entry Gleam giveaway for a chance to #WIN

Open Worldwide

@GooseGiveaways #wingiftcard #wincash #amazon #paypal #winmoney #sweepstakes #giveaways https://t.co/1pdhA8R4jw",1.3114345111258112e+18
36,2020-09-30 22:35:06,kana_ogawa,"【ヒーリング】ベスト10
内緒だけどヒーリングは誰でもできるという話　～ある図形を描くだけでみるみる身体が変わる～
https://t.co/GsWFZKnNbH #Amazon",1.3114344221895803e+18
37,2020-09-30 22:35:02,miked_mystery,#psa #kindledeals   Brian Shea's first Boston crime thriller MURDER BOARD is on sale today for just $1.99  https://t.co/icLm2XdXAZ  #kindlebargains #amazon #ebooks,1.3114344081219912e+18
38,2020-09-30 22:33:11,thestalkermovi1,The Stalker is available to watch for free on Tubi https://t.co/9SPAgtHcou and on Amazon https://t.co/r52EcnnnDt #tubi #amazon #amazonprimevideo #slasher #retro #thestalker #indie #indiemovie #indiethriller #movienight #supportindiefilm #indierightsmovies #thriller @indierights https://t.co/pGO8ewIZZg,1.311433941195391e+18
39,2020-09-30 22:35:00,kana_ogawa,"【ヒーリング】ベスト10
子猫の癒し動画（夜泣き対策・快眠・ストレス解消・リラックスタイムに）
https://t.co/r7PScDFV6W #Amazon",1.3114344001191772e+18
40,2020-09-30 22:31:04,amzn_deals_us,"https://t.co/EQ12YAPRFP Save up to 20% on work, learn, and everything-at-home essentials #Amazon #Deal https://t.co/Tz6sCopUsJ",1.3114334087872225e+18
41,2020-09-30 22:36:04,MJLaBeff,Happy #WineWednesday Let’s raise a glass to the next #SerialKiller in my Last Cold Case #thriller #series Don’t forget to #PreOrder your copy today! Cheers 🥂 #amreading #Amazon #Kindle #kobo #ibooks #CrimeFiction #suspense https://t.co/IK8WzuUwDW https://t.co/gqaFbhsHic,1.3114346679213384e+18
42,2020-09-30 22:34:51,myuki00,"寝て起きて売上を確認するのが仕事？！その自動出品ツールとは！？

https://t.co/KMgsfkenDr

#自動転売
#せどり
#Amazon
#副業
#転売
#不労所得",1.3114343591576125e+18
43,2020-09-30 22:35:15,yotubanokuro_b,"Amazon＆無在庫＆自動ツール 登場！

　もうあなたは価格差を探す作業をする必要はなくなりました。

https://t.co/jj3prZcRae

#自動転売
#せどり
#Amazon
#副業
#転売
#不労所得",1.3114344597034394e+18
44,2020-09-30 22:36:38,kimura_books,ポスドク後、作家になった希有な理系作家さん。 円城塔 https://t.co/Z5b0p3UnSd #books #amazon,1.3114348074364355e+18
45,2020-09-30 22:35:39,creativemm12,"&lt;Current Weather&gt;
Boston
Temperature: 67.28°F/ Status: clouds
👉https://t.co/V9zLu6V1hI #amazon👈
💯👉Auto Follower👈💯
💯👉#自動相互フォロー👈💯

#followergenerator
#Disney
#Donald #Trump #Jr
#CBS #News
#RT企画
#1000ADay
#相互リツイート
#followe",1.311434562132607e+18
46,2020-09-30 22:32:07,amzn_deals_us,https://t.co/xmT3OczT9u Splashin'kids Inflatable Tummy Time Premium Water mat Infants and Toddlers is The Perfect Fun time Play Activity Center Your Baby's Stimulation Growth #Amazon #Deal #Splashin https://t.co/uAFfGiDsJF,1.3114336711786865e+18
47,2020-09-30 22:35:24,rakten_kaden_,"10/01 07:35

シャープ KS-CF05B-B(ブラック) ジャー
【楽天】8190円
【Amazon】8400円

★楽天で購入すると★
 210円 お得（お得率3％）

↓お得な情報を一覧で確認出来るサイト
https://t.co/kMQYxgL6Rh

#楽天市場 #Amazon #お得 #せどり https://t.co/ae8HOrObjE",1.3114344996374733e+18
48,2020-09-30 22:40:05,ryoblog0701,"【自己紹介】

男
#大学生
都内国立大
テニス部所属
サッカー観戦好き
#ブログ 始めて2ヶ月
持久走基本的に最下位を争う
Amazonプライムヘビーユーザー
スポーツ全般観るの好き
スズメバチに刺された
旅行行きたいねー
お金稼ぎたい年頃
有村架純可愛い
国語超苦手
21歳

#ブログ初心者
#Amazon",1.3114356767396864e+18
49,2020-09-30 22:30:48,yuki_nagase,"【ヒップホップ】ベスト10
ドゥ・ザ・ライト・シング (字幕版)
https://t.co/XreSJfS38K #Amazon",1.3114333427561144e+18
,date,screen_name,tweet,tweet_id
0,2020-09-30 22:30:22,CoolDealCA,"Highly Rated Premium Bluetooth Headphones only $16.99 🔥

#freebies #deals #deal #moneysaver #greatdeal #steals #discount #sale #bargain #bargainhunter #bargainshopper #cheap #bestprice #Amazon  #Deals #giveaway #Deal #ganga

 https://t.co/XnTaBnSog3 https://t.co/kWpGEhY1t4",1.3114332314185032e+18
1,2020-09-30 22:30:36,AlifiedD,UK team Locked my account 10 days are passed I submitted the Utility bill they asked more then 100 times and Fax the Bill more then 10 times No reply Poorest Service Worst Company #Amazon No Ethical Behavior Same Reply Every 24 hours @JeffBezos @AmazonHelp,1.3114332890440458e+18
2,2020-09-30 22:30:02,YabRock,Meteora / #LinkinPark https://t.co/6e1lGIdy39 #HipHop #Rock #アマゾン #Amazon #AmazonJP,1.3114331477713551e+18
3,2020-09-30 22:25:24,XperienceDope,"Blasting Pretty Dope Xperience - Follow @Bigg_Rapt right now on Pretty Dope Xperience Radio aka #BlackPandora

listen now and catch a wave!! https://t.co/VqKFopeoex  #nowplaying #np #RT  #NowStreaming #Streema Download Now #Alexa #GooglePlay #iOSAppStore #Amazon #",1.31143198365082e+18
4,2020-09-30 22:27:58,catandolivro,"📚 Box  Percy Jackson e os Olimpianos: (Série) 
✨Por: R$ 89,99+  FRETE GRATIS assinando Amazon Prime.  Assine aqui:  https://t.co/6qR5bdzvU5 
🏪 Loja: #Amazon
✅ Compre aqui: 
https://t.co/2XGf2QPI2u
🏃🏽🏃🏾‍♀️CORREEE! 60% de desconto gente. Esse foi o preço da book friday.

#PJO",1.311432627245781e+18
5,2020-09-30 22:23:04,amzn_deals_us,https://t.co/rRg1sB7ext FITINDEX Bluetooth Body Fat Scale #Amazon #Deal https://t.co/hrewJG0ndX,1.311431396775334e+18
6,2020-09-30 22:22:15,mommyissleepy,I just hid the #amazon delivery in my car. Yup. We’re there. #momlife #shopaholic #amazonismyfavorite,1.3114311906420695e+18
7,2020-09-30 22:30:06,yuki_nagase,"【ヒップホップ】ベスト10
文化系のためのヒップホップ入門
https://t.co/uOTCbkwBvq #Amazon",1.3114331642381926e+18
8,2020-09-30 22:30:21,CoolDealCA,"Too many SNKRS wins? 👟

10 Tiers Shoe Rack only $26.99!!

#freebies #deals #deal #moneysaver #greatdeal #steals #discount #sale #bargain #bargainhunter #bargainshopper #cheap #bestprice #Amazon  #Deals #giveaway #Deal #ganga

 https://t.co/jItpQKzriQ https://t.co/yQYH88jT2n",1.3114332287760835e+18
9,2020-09-30 22:27:54,mrdowntownsd,So good I had to share! Check out all the items I'm loving on @Poshmarkapp #poshmark #fashion #style #shopmycloset #amazon #marvel #juicycouture: https://t.co/KrqL4cf3Bf https://t.co/tMyY0QHUOj,1.3114326123978138e+18
10,2020-09-30 22:30:27,rikwalters,"The Best Thing About @Amazon’s Prime Day Announcement Has Nothing to Do with the Two-Day Sale

#Amazon’ #PrimeDay #smallbusiness #sales #ecommerce #sales https://t.co/4AIr49X4Ue https://t.co/4FZcch27xL",1.3114332534049341e+18
11,2020-09-30 22:30:21,yuki_nagase,"【ヒップホップ】ベスト10
オール・アイズ・オン・ミー(吹替版)
https://t.co/jfDtytCEwK #Amazon",1.3114332301809705e+18
12,2020-09-30 22:30:33,yuki_nagase,"【ヒップホップ】ベスト10
字幕付 R-指定 VS NAIKA
https://t.co/DJqjf5Legt #Amazon",1.311433276947456e+18
13,2020-09-30 22:30:00,yuki_nagase,"【ヒップホップ】ベスト10
はじまりはヒップ・ホップ(字幕版)
https://t.co/GjeOgnRRdD #Amazon",1.3114331421174374e+18
14,2020-09-30 22:30:18,buybooks_amazon,#BestBooks #Amazon #Novel : MY NAME IS LUCY BARTON --&gt; https://t.co/kybo9bK4rs,1.3114332149305098e+18
15,2020-09-30 22:24:00,angler_mx,#Amazon ofrece #cursosGratis para capacitarte en tecnologías digitales https://t.co/2xN3d96C3o https://t.co/B0aJT0vb83,1.3114316289804452e+18
16,2020-09-30 22:22:04,amzn_deals_us,https://t.co/Yvt9wonW4Z Sieanear Women's Casual Short Sleeve T-Shirt Tops Twist Knot Front Tunics #Amazon #Deal https://t.co/QAJJ3FarRm,1.3114311453435494e+18
17,2020-09-30 22:21:19,XperienceDope,"Blasting ItsMardi - The Goat right now on Pretty Dope Xperience Radio aka #BlackPandora

listen now and catch a wave!! https://t.co/VqKFopeoex  #nowplaying #np #RT  #NowStreaming #Streema Download Now #Alexa #GooglePlay #iOSAppStore #Amazon #",1.311430955626885e+18
18,2020-09-30 22:28:51,BenGFrank,"Unfortunately, the #US has little influence in #Europe, these days.  #Macron and #Merkel leading #West foreign policy. #EU., Example, #Belarus and #Putin #Russia. Read #KlarasWar and #ATravelGuidetoJewishEurope, 4th ed., wherever #books are sold, incl #amazon, #Kindle. https://t.co/j905BkE6wd https://t.co/pvsB2YznH3",1.3114328489902449e+18
19,2020-09-30 22:26:09,amzn_deals_us,"https://t.co/EcJxAR8Ghc Prime Members Save $100 on Fire TV Recast, DVR for cord cutters #Amazon #Deal https://t.co/83FpyQFeYQ",1.3114321698610627e+18
20,2020-09-30 22:23:41,_mis_ter_e_,"Make #Superman LEGO portraits !

#dccomics #HenryCavill #christopherreeve #batman #benaffleck #dcfandome #JusticeLeague #JusticeLeagueSnyderCut #JusticeLeagueTheSnyderCut #amazon #kindlebooks #kindleunlimited #kindle
https://t.co/x9oMoi2N7y",1.3114315485965558e+18
21,2020-09-30 22:30:43,Rrosie11,#amazon🐍 https://t.co/rv2bWkK385,1.3114333220364206e+18
22,2020-09-30 22:22:08,ZvdbSPC1QTSou2E,"少食&amp;偏食の旦那と子供
作るのがバラバラになり、私はいつも残り物😇💦
料理は好きだけど節約で悩む日が多くて…
二人ともお肉が好きなのでお腹いっぱい食べさせてあげたい😍
お願いします🙌🙏
#麺のびた #麺のびた #麺のびた 
#あんぱん さん
#春木開 さん
#Amazon 
#麺のびた #麺のびた https://t.co/7aiZ5CI8zB",1.3114311586603581e+18
23,2020-09-30 22:21:18,BridgitteLesley,"Beneath that scar was a beautiful woman! 
★BENEATH THE SCARS★
✔https://t.co/7TSysrJGis 

  #ASMSG bookboost  https://t.co/Ahhugk6FN8 #amazon",1.3114309514745324e+18
24,2020-09-03 18:26:48,LenovoLegion,"Lenovo Legion x @PlayApex
Now is your chance to rise above the rest. 
Unmatched performance, purposeful engineering, modern design.
Gear up with a machine as savage as you are.
Stylish outside.
Savage inside.",1.301587465258578e+18
25,2020-09-30 22:23:19,meshi_wine,"/
Amazonのボルドーセットワイン
\

手土産で本数が必要で、急遽買い付け。

今まで買ったことなかったから、1本あげずにこっそり飲んでみました。

なかなか上品で、良いです！
6本で¥5,000くらい🙌

買いですね。

#おは戦21001om 
#Amazon
#赤ワイン",1.311431456460206e+18
26,2020-09-30 22:28:27,creativemm12,"#happilax の happilax ベビーガード チャイルドロック 子供 安全 ストッパー 引き出しロック 透明 6本
https://t.co/FPP2miJY42
#TeamFollowBack
#buyandship
#amazon
#NBC #news
#Helen #Reddy
#Pixel #5",1.3114327516529009e+18
27,2020-09-30 22:29:04,amzn_deals_us,"https://t.co/GaOWxbqOrq Arm Sleeves for Men and Women, UV Protection Cooling Arm Sleeves, 4-Pairs Anti-Slip Compression Sun Sleeves #Amazon #Deal https://t.co/s1SXwTxqJz",1.3114329065738363e+18
28,2020-09-30 22:30:05,amzn_deals_us,"https://t.co/XW6zf2WmPn Pink Kraft Butcher Paper Roll - 18 Inch x 175 Feet (2100 Inch) - Food Grade Peach Wrapping Paper for Smoking Meat of all Varieties – Unbleached, Unwaxed and Uncoated - Made in USA #Amazon #Deal https://t.co/XNShf6bH2Z",1.3114331617552384e+18
29,2020-09-30 22:28:48,XperienceDope,"Blasting Offset &amp; Metro Boomin - Ric Flair Drip right now on Pretty Dope Xperience Radio aka #BlackPandora

listen now and catch a wave!! https://t.co/VqKFopeoex  #nowplaying #np #RT  #NowStreaming #Streema Download Now #Alexa #GooglePlay #iOSAppStore #Amazon #",1.3114328367134515e+18
30,2020-09-30 22:27:43,tmsl_info,"【限定数: 400 残: 384】 キーボード・マウス接続アダプター ゲームコンバーター ゲーミングコントローラー変換 アダプター コンバー ...
セール特価: ￥2,278 
OFF: ￥402 (15%)
https://t.co/RIyfsjfV6U
#Amazon #タイムセール",1.3114325661429514e+18
31,2020-09-30 22:29:51,NAhajoui,"Big show 50% off
If you order from this link befor 8 hours 
AuraGlow Teeth Whitening Kit, LED Light, 35% Carbamide Peroxide, (2) 5ml Gel Syringes, Tray and Case
https://t.co/Lar1aZhEId

#teeth #SmackDown
#Covid_19 #UnitedStates #amazon #TheVoiceKids #Like #LifeisDynamite #Hakimi",1.3114331002793206e+18
32,2020-09-30 22:27:07,amzn_deals_us,"https://t.co/DWxM1OFAJN Gardguard Expandable Garden Hose, Water Hose with 9 Function Nozzle and Durable 3-Layers Latex, Flexible Water Hose with Solid Brass Fittings, Best Choice for Watering and Washing #Amazon # https://t.co/JDwlYlnB7W",1.3114324149594685e+18
33,2020-09-30 22:25:09,CoolDealCA,"Mattress  #Deals!! 🛌

Full - 

Queen - 

King -  

#freebies #deals #deal #moneysaver #greatdeal #steals #discount #sale #bargain #bargainhunter #cheap #bestprice #Amazon  #Deals #giveaway #Deal #ganga

 https://t.co/IxcoraJ7Ug https://t.co/g9aZ2TTPkV",1.3114319201616404e+18
34,2020-09-30 22:29:27,ZvdbSPC1QTSou2E,"少食&amp;偏食の旦那と子供
作るのがバラバラになり、私はいつも残り物😇💦
料理は好きだけど節約で悩む日が多くて…
二人ともお肉が好きなのでお腹いっぱい食べさせてあげたい♥🙌
お願いします😍♥
#麺のびた #あんぱん さん 
#麺のびた #りょう さん
#春木開 さん
#Amazon #麺のびた #麺のびた https://t.co/6yYBGpUoXC",1.3114330016165642e+18
35,2020-09-30 22:30:05,ITWormHole,"Amazon rolls out palm payment technology: https://t.co/LiNjeh4nCX

#Amazon #Palm #Payment #Technology #Future #Tech #WednesdayWisdom #WednesdayMotivation https://t.co/7ZBbst7KxI",1.3114331603963535e+18
36,2020-09-30 22:30:02,amazon_rankinQ,"【ストップウォッチ】
スマートウォッチ 万歩計 レディーズ メンズ 腕時計 心拍計 長時間バッテリー 消費カロリー 睡眠検測 ins/Line...
￥2,998
https://t.co/cFt66FQOeb
#amazon",1.3114331504011796e+18
37,2020-09-30 22:30:38,yuki_nagase,"【ヒップホップ】ベスト10
2つのアメリカ
https://t.co/fTzkSc9Yd0 #Amazon",1.3114332989759406e+18
38,2020-09-30 22:29:35,kakicchysmusic6,https://t.co/MaMFRamliO: Another World: kakicchysmusic: MP3 Downloads https://t.co/fvwSQuNplZ #Amazon #Prime,1.3114330344915968e+18
39,2020-09-30 22:25:23,rakten_kaden_,"10/01 07:25

Panasonic ラムダッシュ セット替刃 外刃
【楽天】6300円
【Amazon】6700円

★楽天で購入すると★
 400円 お得（お得率6％）

↓お得な情報を一覧で確認出来るサイト
https://t.co/kMQYxgL6Rh

#楽天市場 #Amazon #お得 #せどり https://t.co/hEnhmk1yNk",1.311431979628335e+18
40,2020-09-30 22:25:21,MccloudWalter,"Shark patrols the coast on his Armored Wetbike.

#lanard 
#TheCorpsHq
#ACTIONFIGURES 
#toyslagram
#StopBuyingOutdatedSoldiers 
#Amazon 
#Walmart 
#smythstoys
#GIJoeClassified https://t.co/K2qxr2YIdb",1.3114319704219607e+18
41,2020-09-30 22:30:43,yuki_nagase,"【ヒップホップ】ベスト10
ラップ・イヤー・ブック イラスト図解 ヒップホップの歴史を変えたこの年この曲
https://t.co/Pqa3sT5F8i #Amazon",1.311433320840876e+18
42,2020-09-30 22:23:51,Nakkany0313,"IKEA(イケア) ソフトトイ シャーク (60298026) https://t.co/oX7pbu5vZL #Amazon

遂にIKEAのサメがAmazonで買える様になったか…",1.31143159160064e+18
43,2020-09-30 22:24:13,bmurphypointman,"#amazon #amazonprime #prime Join me on Webtalk. Webtalk pays you for doing exactly what you do on social media! Just post, like, share. When people also do the above on your posts, you earn! https://t.co/eyZ6imGbFE",1.311431682755625e+18
44,2020-09-30 22:30:27,yuki_nagase,"【ヒップホップ】ベスト10
スリープレス・ナイト（吹替版）
https://t.co/nCnMqzsJjQ #Amazon",1.311433252117205e+18
45,2020-09-30 22:30:11,yuki_nagase,"【ヒップホップ】ベスト10
オール・アイズ・オン・ミー(字幕版)
https://t.co/bfKtQBULTY #Amazon",1.3114331860484997e+18
46,2020-09-30 22:30:16,yuki_nagase,"【ヒップホップ】ベスト10
ヒップホップ東西抗争
https://t.co/eIP1SDeZBD #Amazon",1.3114332080350454e+18
47,2020-09-30 22:25:04,amzn_deals_us,https://t.co/TaOXOAXHgA $100 off Insignia 50-inch 4K Fire TV Edition Smart TV #Amazon #Deal https://t.co/04IAEipTZB,1.3114318995591987e+18
48,2020-09-30 22:30:09,CloudChangelog,Simplifying Routing Across Multiple AWS Regions with a Virtual Router Service https://t.co/tfqoTmWOuU #AWS #Amazon #AWSPartnerNetwork #AWSTransitGateway,1.3114331787044905e+18
49,2020-09-30 22:30:24,rakten_kaden_,"10/01 07:30

ARF206-W アビテラックス 電子レンジ　18
【楽天】8340円
【Amazon】9371円

★楽天で購入すると★
 1031円 お得（お得率12％）

↓お得な情報を一覧で確認出来るサイト
https://t.co/kMQYxgL6Rh

#楽天市場 #Amazon #お得 #せどり https://t.co/CRV2AJr0Zf",1.3114332396768748e+18
,date,screen_name,tweet,tweet_id
0,2020-09-30 22:17:11,SolTaylorRdL,"🔥 SUSPIRÁNDOTE 🔥

La suerte está echada y cada uno jugará sus cartas en esta partida sin igual. ¿Quién ganará?

Enlace: https://t.co/Yc9wpXY14q

#kindle #Amazon #KindleUnlimited #romance #romantica #amazon #erotica #eBooks #leer #amor https://t.co/7fzp4oCIxd",1.311429916437762e+18
1,2020-09-30 22:19:01,BEST300BOT,R.シュトラウス／交響詩《英雄の生涯》　【第３位】⇒https://t.co/L4Cf5yA9SD #amazon #bot 【第１位】カラヤン指揮ベルリンpo〈85〉⇒https://t.co/vZizM5FsDs,1.311430375453778e+18
2,2020-09-30 22:17:26,PJoB1WKv6L4kizt,#洗顔パスタクレイ #Amazon.co.jp #限定大容量 #ロゼット #洗顔パスタ #海泥スムース #180g #Amazon https://t.co/lrrUcDmSS8,1.311429977703809e+18
3,2020-09-30 22:16:46,WorldOfWaylon,"""If you enjoy #StephenKing or #Lovecraft, NIGHTMARE ESCAPADE is for you!"" https://t.co/BtpK14yTyc #Horror #IndieAuthor #Halloween #Amazon #Kindle #Vampire #Zombies #Thriller #Supernatural #Fantasy #Books #Ghosts #HalloweenReads",1.3114298109677732e+18
4,2020-09-30 22:20:46,ArtBijou_,#Amazon #AmazonWishList #AmazonPrimeDay #Amazing #jewelry #handmade #USA #onlineshopping #shopping #fashionable #womensfashion #gift #gifts #giftidea #giftsforher #handmadejewelry #handmadegifts #handmadejewellery #handmadeearrings #earrings #ring #beauty  https://t.co/nsreaHi884,1.3114308161956454e+18
5,2020-09-30 22:20:02,arabnews,"#Amazon unveiled a new #biometricpayment system using #palmrecognition, to be made available to rival retailers and also promoted as a replacement for badge entry at stadiums or workplaces

https://t.co/gFDL4pzA8M https://t.co/tLXNJahonD",1.3114306319900262e+18
6,2020-09-30 22:18:46,AuthorMaryLynnP,"@lowthoughts_ Hello 👋🏼 Thank you. You’re so kind 🌹My #Amazon author page.  #books 📚 #fantasy in paperback #drama books are on Kindle. #MaryLynnPlaisance 

https://t.co/653Kf4HIGx",1.311430311113302e+18
7,2020-09-30 22:16:03,rshifflet,"@OxfordWordBook Is the problem in having Concise and ""full"" dict #app on same device ?
#ASUS #tablet has scrambled folder contents.
This has not yet struck Fire OS 7HD or newer #Amazon Fire OS 10HD 64GB, both running both apps.
The order of creation of subfolders at tree depth 2?",1.311429627727024e+18
8,2020-09-30 22:16:57,ArtBijou_,#Amazon #AmazonWishList #AmazonPrimeDay #Amazing #jewelry #handmade #USA #onlineshopping #shopping #fashionable #womensfashion #gift #gifts #giftidea #giftsforher #handmadejewelry #handmadegifts #handmadejewellery #handmadeearrings #earrings #ring #beauty  https://t.co/k5uEXcft6C,1.3114298563962266e+18
9,2020-09-30 22:17:24,ArtBijou_,#Amazon #AmazonWishList #AmazonPrimeDay #Amazing #jewelry #handmade #USA #onlineshopping #shopping #fashionable #womensfashion #gift #gifts #giftidea #giftsforher #handmadejewelry #handmadegifts #handmadejewellery #handmadeearrings #earrings #ring #beauty  https://t.co/7mvCyIIL6f,1.3114299698689925e+18
10,2020-09-30 22:20:28,NikolasKozloff,"Read my take, ""Could disruptions in #meat supply relieve pressure on the #Amazon?"" https://t.co/li4KHs7frv #climatechange #rainforest #China #pandemic #Coronavirus #EricAdams #Brooklyn #vegan #veganism #Beijing #HongKong #Bolsonaro #nutrition #diabetes #health",1.311430740903682e+18
11,2020-09-30 22:16:03,ArtBijou_,#Amazon #AmazonWishList #AmazonPrimeDay #Amazing #jewelry #handmade #USA #onlineshopping #shopping #fashionable #womensfashion #gift #gifts #giftidea #giftsforher #handmadejewelry #handmadegifts #handmadejewellery #handmadeearrings #earrings #ring #beauty  https://t.co/LIoaPW2Ruc,1.3114296311746765e+18
12,2020-09-30 22:17:46,GerryReiche1,Looking for a intriguing #summer #book for your #kids? https://t.co/c90OQvVoGx Great #Amazon reviews.,1.3114300613383004e+18
13,2020-09-30 22:18:33,ArtBijou_,#Amazon #AmazonWishList #AmazonPrimeDay #Amazing #jewelry #handmade #USA #onlineshopping #shopping #fashionable #womensfashion #gift #gifts #giftidea #giftsforher #handmadejewelry #handmadegifts #handmadejewellery #handmadeearrings #earrings #ring #beauty  https://t.co/hOikP0Pn70,1.3114302604167086e+18
14,2020-09-30 22:18:21,ArtBijou_,#Amazon #AmazonWishList #AmazonPrimeDay #Amazing #jewelry #handmade #USA #onlineshopping #shopping #fashionable #womensfashion #gift #gifts #giftidea #giftsforher #handmadejewelry #handmadegifts #handmadejewellery #handmadeearrings #earrings #ring #beauty  https://t.co/TFdX202RGH,1.31143020907008e+18
15,2020-09-30 22:18:05,ArtBijou_,#Amazon #AmazonWishList #AmazonPrimeDay #Amazing #jewelry #handmade #USA #onlineshopping #shopping #fashionable #womensfashion #gift #gifts #giftidea #giftsforher #handmadejewelry #handmadegifts #handmadejewellery #handmadeearrings #earrings #ring #beauty  https://t.co/PngEn5329j,1.311430140140966e+18
16,2020-09-30 22:17:08,amzn_deals_us,https://t.co/6JFIYBYPMc DEARCASE Women Long Sleeve Loose Plain Maxi Pockets Dresses Casual Long Dresses #Amazon #Deal https://t.co/xDV7O2LQIA,1.3114299007091139e+18
17,2020-09-30 22:16:23,cronicaglobal,"La plataforma de #streaming Twitch, propiedad de #Amazon, ha creado una biblioteca de #musica libre de derechos para sus usuarios #gaming https://t.co/P2MOpTAzNV",1.3114297138736538e+18
18,2020-09-30 22:20:23,rakten_kaden_,"10/01 07:20

（納期目安：1.5ヶ月〜）シャープ 【左開き】7．
【楽天】139800円
【Amazon】141394円

★楽天で購入すると★
 1594円 お得（お得率1％）

↓お得な情報を一覧で確認出来るサイト
https://t.co/kMQYxgL6Rh

#楽天市場 #Amazon #お得 #せどり https://t.co/9wIJO4xMDK",1.3114307195670856e+18
19,2020-09-30 22:16:20,ArtBijou_,#Amazon #AmazonWishList #AmazonPrimeDay #Amazing #jewelry #handmade #USA #onlineshopping #shopping #fashionable #womensfashion #gift #gifts #giftidea #giftsforher #handmadejewelry #handmadegifts #handmadejewellery #handmadeearrings #earrings #ring #beauty  https://t.co/wUtKOFs8Ak,1.3114297020667658e+18
20,2020-09-30 22:16:49,creativemm12,"👉https://t.co/RM4gh2wNAN #amazon👈
💯👉Auto Follower👈💯
💯👉#自動相互フォロー👈💯

#RT企画
#Palantir
#NBC #news
#Henrik #Lundqvist
#固定ツイートRT
#RT企画
#FollowBack
#相互フォロー100
#followergenerator
#500ADay
#bts
#seventeen",1.311429823919657e+18
21,2020-09-30 22:19:53,ArtBijou_,#Amazon #AmazonWishList #AmazonPrimeDay #Amazing #jewelry #handmade #USA #onlineshopping #shopping #fashionable #womensfashion #gift #gifts #giftidea #giftsforher #handmadejewelry #handmadegifts #handmadejewellery #handmadeearrings #earrings #ring #beauty  https://t.co/DreoEQDnRH,1.3114305932179988e+18
22,2020-09-30 22:19:12,amzn_deals_us,"https://t.co/SMnljerHXD Enovoe Car Window Shade - 21""x14"" Cling Sunshade for Car Windows - Sun, Glare and UV Rays Protection for Your Child - Baby Side Window Car Sun Shades #Amazon #Deal https://t.co/xfFrFITKrh",1.3114304227531407e+18
23,2020-09-30 22:19:29,ArtBijou_,#Amazon #AmazonWishList #AmazonPrimeDay #Amazing #jewelry #handmade #USA #onlineshopping #shopping #fashionable #womensfashion #gift #gifts #giftidea #giftsforher #handmadejewelry #handmadegifts #handmadejewellery #handmadeearrings #earrings #ring #beauty  https://t.co/tYIuKNZ843,1.3114304915775037e+18
24,2020-09-30 22:15:57,NoisettePlace,"#Amazon
Save:$100.00 (29%) on All-New Insignia NS-50DF710NA21 50-inch Smart 4K UHD - Fire TV Edition, Released 2020
Price:$349.99With Deal:$249.99
https://t.co/zNA1Pu8xmD

#AD #PrimeDay #Sale #Deals #Discounts #Prime #DealoftheDay #amazondeals #xmas2020 #xmas",1.311429603483947e+18
25,2020-09-30 22:20:19,ArtBijou_,#Amazon #AmazonWishList #AmazonPrimeDay #Amazing #jewelry #handmade #USA #onlineshopping #shopping #fashionable #womensfashion #gift #gifts #giftidea #giftsforher #handmadejewelry #handmadegifts #handmadejewellery #handmadeearrings #earrings #ring #beauty  https://t.co/zcLu1YncoD,1.3114307016659968e+18
26,2020-09-30 22:20:11,amzn_deals_us,"https://t.co/k8CH69q2dJ NutraBlast Boric Acid Vaginal Suppositories - 30 Count, 600mg - 100% Pure Made in USA - Boric Life Intimate Health Support #Amazon #Deal https://t.co/FI16O5zhHR",1.3114306684009513e+18
27,2020-09-30 22:18:14,AuthorMaryLynnP,"@Thetruthof5 @JessSFrankel Hello 👋🏼 Thank you. You’re so kind 🌹My #Amazon author page.  #books 📚 #fantasy in paperback #drama books are on Kindle. #MaryLynnPlaisance 

https://t.co/653Kf4HIGx",1.3114301770381804e+18
28,2020-09-30 22:20:02,georgiastraight,"Amazon announces major expansion for offices and staff in Vancouver and Toronto #Cdntech #Amazon #Vancouver
https://t.co/M6HnH2jb6Y",1.311430630291452e+18
29,2020-09-30 22:19:16,ArtBijou_,#Amazon #AmazonWishList #AmazonPrimeDay #Amazing #jewelry #handmade #USA #onlineshopping #shopping #fashionable #womensfashion #gift #gifts #giftidea #giftsforher #handmadejewelry #handmadegifts #handmadejewellery #handmadeearrings #earrings #ring #beauty  https://t.co/nrcS6qnLJf,1.3114304396436234e+18
30,2020-09-30 22:20:42,touhiduzzaman24,"@atticesoterica @Etsy Hi dear,
I like and love graphic design. I work with graphic design very sincerely.
=== My awesome Service This gig ===
Checkout : https://t.co/Zw178KzBgf 
#BackgroundRemoval #Color_correction #Amazon
#photoshop #photographer #photo",1.3114308001061192e+18
31,2020-09-30 22:16:33,spmediagaming,"Just two days left!
#WednesdayWisdom
#WednesdayMotivation
#WednesdayVibes
.
.
.
#Amazon #Giftcard #Giveaway
#davessweeps #spmediagaming
https://t.co/kXKOsAGroG",1.3114297540510597e+18
32,2020-09-30 22:20:33,ArtBijou_,#Amazon #AmazonWishList #AmazonPrimeDay #Amazing #jewelry #handmade #USA #onlineshopping #shopping #fashionable #womensfashion #gift #gifts #giftidea #giftsforher #handmadejewelry #handmadegifts #handmadejewellery #handmadeearrings #earrings #ring #beauty https://t.co/fHJ2Thw14v,1.3114307615564472e+18
33,2020-09-30 22:19:02,ArtBijou_,#Amazon #AmazonWishList #AmazonPrimeDay #Amazing #jewelry #handmade #USA #onlineshopping #shopping #fashionable #womensfashion #gift #gifts #giftidea #giftsforher #handmadejewelry #handmadegifts #handmadejewellery #handmadeearrings #earrings #ring #beauty https://t.co/iOs1LIqKWg,1.3114303796818452e+18
34,2020-09-30 22:20:18,best_deals_US,"Available at discount:
Rubbermaid 1784975 Fasttrack/Fast track Hardware Pack

Offer price: $2.28 (41% OFF!)
Retail: $3.86

https://t.co/MlahVwFB0R

#Amazon #deals #RT https://t.co/XNHXy5M3Or",1.311430700063621e+18
35,2020-09-30 22:20:02,CloudChangelog,Build an Android App with a scrollable feed of live streams https://t.co/YKBF7EalCy #AWS #Amazon #AmazonInteractiveVideoService #MediaServices,1.3114306303711928e+18
36,2020-09-30 22:17:50,ArtBijou_,#Amazon #AmazonWishList #AmazonPrimeDay #Amazing #jewelry #handmade #USA #onlineshopping #shopping #fashionable #womensfashion #gift #gifts #giftidea #giftsforher #handmadejewelry #handmadegifts #handmadejewellery #handmadeearrings #earrings #ring #beauty  https://t.co/8EYiQ5r7cm,1.311430076374954e+18
37,2020-09-30 22:18:03,amzn_deals_us,https://t.co/V7pEMnEM4V Valleycomfy Microfiber Leather Steering Wheel Covers #Amazon #Deal https://t.co/hKZeKHSWtI,1.3114301342311752e+18
38,2020-09-30 22:19:41,ArtBijou_,#Amazon #AmazonWishList #AmazonPrimeDay #Amazing #jewelry #handmade #USA #onlineshopping #shopping #fashionable #womensfashion #gift #gifts #giftidea #giftsforher #handmadejewelry #handmadegifts #handmadejewellery #handmadeearrings #earrings #ring #beauty  https://t.co/nfh5YF14KY,1.311430543125381e+18
39,2020-09-30 22:21:04,amzn_deals_us,https://t.co/9RpGK9tuKh Lifewit Large Capacity Clothes Storage Bag #Amazon #Deal https://t.co/UF2gzu4SDM,1.311430892825477e+18
40,2020-09-30 22:16:04,EastwoodRotary,"We'fd love you choosing #Eastwood #Rotary Club as your #Amazon Smile charity. 
https://t.co/MvVKIe5oTK https://t.co/XA4OX7bnnG",1.3114296342491628e+18
41,2020-09-30 22:20:05,ArtBijou_,#Amazon #AmazonWishList #AmazonPrimeDay #Amazing #jewelry #handmade #USA #onlineshopping #shopping #fashionable #womensfashion #gift #gifts #giftidea #giftsforher #handmadejewelry #handmadegifts #handmadejewellery #handmadeearrings #earrings #ring #beauty  https://t.co/QORO4ayuGM,1.3114306462927708e+18
42,2020-09-30 22:17:37,ArtBijou_,#Amazon #AmazonWishList #AmazonPrimeDay #Amazing #jewelry #handmade #USA #onlineshopping #shopping #fashionable #womensfashion #gift #gifts #giftidea #giftsforher #handmadejewelry #handmadegifts #handmadejewellery #handmadeearrings #earrings #ring #beauty  https://t.co/zR9TPiyIL6,1.3114300236273746e+18
43,2020-09-30 22:17:48,Vio_Technic_2,Why am I seeing the same things from Yahoo Auction in Amazon??? #Amazon is a huge scam.,1.3114300692611973e+18
44,2020-09-30 22:18:47,ArtBijou_,#Amazon #AmazonWishList #AmazonPrimeDay #Amazing #jewelry #handmade #USA #onlineshopping #shopping #fashionable #womensfashion #gift #gifts #giftidea #giftsforher #handmadejewelry #handmadegifts #handmadejewellery #handmadeearrings #earrings #ring #beauty  https://t.co/DCwgVW6xws,1.311430317819994e+18
45,2020-09-30 22:17:10,ArtBijou_,#Amazon #AmazonWishList #AmazonPrimeDay #Amazing #jewelry #handmade #USA #onlineshopping #shopping #fashionable #womensfashion #gift #gifts #giftidea #giftsforher #handmadejewelry #handmadegifts #handmadejewellery #handmadeearrings #earrings #ring #beauty  https://t.co/jNMWSnW1xn,1.3114299122182185e+18
46,2020-09-30 22:20:58,ArtBijou_,#Amazon #AmazonWishList #AmazonPrimeDay #Amazing #jewelry #handmade #USA #onlineshopping #shopping #fashionable #womensfashion #gift #gifts #giftidea #giftsforher #handmadejewelry #handmadegifts #handmadejewellery #handmadeearrings #earrings #ring #beauty  https://t.co/CUKBAkkx3T,1.3114308675506463e+18
47,2020-09-30 22:16:44,ArtBijou_,#Amazon #AmazonWishList #AmazonPrimeDay #Amazing #jewelry #handmade #USA #onlineshopping #shopping #fashionable #womensfashion #gift #gifts #giftidea #giftsforher #handmadejewelry #handmadegifts #handmadejewellery #handmadeearrings #earrings #ring #beauty  https://t.co/dNHD3oP0uR,1.3114298020212613e+18
48,2020-09-30 22:16:33,ArtBijou_,#Amazon #AmazonWishList #AmazonPrimeDay #Amazing #jewelry #handmade #USA #onlineshopping #shopping #fashionable #womensfashion #gift #gifts #giftidea #giftsforher #handmadejewelry #handmadegifts #handmadejewellery #handmadeearrings #earrings #ring #beauty  https://t.co/UkMra0SNq7,1.3114297539462308e+18
49,2020-09-30 22:18:08,blogosum,"#Amazon for travellers: Spectacles 2 Original - HD Camera Sunglasses

 https://t.co/J1n9dSWfWE

 #amazondeals #deals #gadgets #travel #giftguide #gift #giftidea #video #videos #youtube #camera #sunglasses #fashion #sun https://t.co/5Shz6bsEvw",1.3114301538353603e+18
,date,screen_name,tweet,tweet_id
0,2020-09-30 22:15:16,ArtBijou_,#Amazon #AmazonWishList #AmazonPrimeDay #Amazing #jewelry #handmade #USA #onlineshopping #shopping #fashionable #womensfashion #gift #gifts #giftidea #giftsforher #handmadejewelry #handmadegifts #handmadejewellery #handmadeearrings #earrings #ring #beauty  https://t.co/Ot2ozserCG,1.3114294306156462e+18
1,2020-09-30 22:15:22,NoisettePlace,"#Amazon
Save:$50.00 (33%) on All-New Insignia NS-24DF310NA21 24-inch Smart HD 720p TV - Fire TV Edition
List Price:$149.99Price:$99.99
https://t.co/djw73bixBj

#AD #PrimeDay #Sale #Deals #Discounts #Prime #DealoftheDay #amazondeals #xmasdecor #xmas2020 #xmas",1.3114294578032026e+18
2,2020-09-30 22:15:33,CoolDealCA,"💲💰
Prime Members: 58-Count Quaker...
#New  price from $6

# #Deals #new #Deals #Discounts #Amazon  #Deal #ganga

 https://t.co/dyWezMtk8V https://t.co/tJ0XSiJGVy",1.3114295053120594e+18
3,2020-09-30 22:15:11,BradPorcellato,"Need parts for your #Ford, #Freightliner, #WesternStar, #Sterling, #Navistar, #Isuzu, #PACCAR, #Kenworth, #Peterbilt, #Mack, #Volvo #Hino? Think #Amazon for all of your Heavy #Truck Parts needs! https://t.co/oVEZ1PaZ5z https://t.co/ZPzlmC1J9u",1.3114294132261396e+18
4,2020-09-30 22:15:11,CRy3Gen,OMFG Amazon this is Beautiful #Amazon @amazon https://t.co/nzSlNFr6ma,1.311429410470482e+18
5,2020-09-30 22:13:11,furimagift,"キャリア決済
クレジットカード利用可能です。
大口の場合はお値引きさせて頂きますのでご相談下さい。
#iTunesギフトカード
#amazonギフト券
#iTunes
#amazon",1.3114289100521144e+18
6,2020-09-30 22:12:19,ArtBijou_,#Amazon #AmazonWishList #AmazonPrimeDay #Amazing #jewelry #handmade #USA #onlineshopping #shopping #fashionable #womensfashion #gift #gifts #giftidea #giftsforher #handmadejewelry #handmadegifts #handmadejewellery #handmadeearrings #earrings #ring #beauty  https://t.co/gkcQo0OoIV,1.311428690669179e+18
7,2020-09-30 22:13:53,FGw8vYTP8TMZxhf,"Spy for Nobody (English Edition) 
ISBN 9781780585420 
is now available worldwide for purchase from #Amazon and #Google.The secrets of the #Syrian_people #Syrian_revolution #criminal_Assad_regime and its #intelligence_services #adventure #book #syrianrefugees #irancrimes https://t.co/IyYUdGickS",1.3114290858144563e+18
8,2020-09-30 22:14:06,jenkers_en,#Amazon Wants You to Scan Your Palm to Pay for Groceries https://t.co/ANT4zd0bxi https://t.co/R4nNX8cMGf,1.3114291381510717e+18
9,2020-09-30 22:13:39,ezanette95,"Right now, @GovUK and @DefraGovUK are considering new laws that would stop the UK fuelling the Amazon fires. This is our chance to act. Join me in speaking up for the #Amazon  https://t.co/CV1ndxx9QP",1.3114290266244751e+18
10,2020-09-30 22:11:39,ArtBijou_,#Amazon #AmazonWishList #AmazonPrimeDay #Amazing #jewelry #handmade #USA #onlineshopping #shopping #fashionable #womensfashion #gift #gifts #giftidea #giftsforher #handmadejewelry #handmadegifts #handmadejewellery #handmadeearrings #earrings #ring #beauty  https://t.co/4fQ3V4ZaVB,1.311428523387691e+18
11,2020-09-30 22:14:34,movietvtechgeek,Latest:  Barry Jenkins Reveals Haunting Images from ‘The Underground Railroad’ https://t.co/jWkyp30sHX #Amazon #Entertainment #News https://t.co/CHHaZhmg11,1.311429255578837e+18
12,2020-09-30 22:11:53,ArtBijou_,#Amazon #AmazonWishList #AmazonPrimeDay #Amazing #jewelry #handmade #USA #onlineshopping #shopping #fashionable #womensfashion #gift #gifts #giftidea #giftsforher #handmadejewelry #handmadegifts #handmadejewellery #handmadeearrings #earrings #ring #beauty  https://t.co/f5Gk6vZU4H,1.311428580207997e+18
13,2020-09-30 22:12:07,ArtBijou_,#Amazon #AmazonWishList #AmazonPrimeDay #Amazing #jewelry #handmade #USA #onlineshopping #shopping #fashionable #womensfashion #gift #gifts #giftidea #giftsforher #handmadejewelry #handmadegifts #handmadejewellery #handmadeearrings #earrings #ring #beauty  https://t.co/PD7RIPeqUX,1.311428638882046e+18
14,2020-09-30 22:15:04,CloudChangelog,How Matillion Multiplies the Performance of Complex ETL Jobs with Amazon Redshift Materialized Views https://t.co/jSJj6DXAH4 #AWS #Amazon #AmazonRedshift #AWSMarketplace,1.3114293811395953e+18
15,2020-09-30 22:15:13,CoolDealCA,"Wahl Cordless Beard and Mustache Trimmer for $17.99!! (Retail: $34.99)

#freebies #deals #deal #moneysaver #greatdeal #steals #discount #sale #bargain #bargainhunter #bargainshopper #cheap #bestprice #Amazon  #Deals #giveaway #Deal #ganga

 https://t.co/DcVWeP70ot https://t.co/SYhmO3zGru",1.311429420301914e+18
16,2020-09-30 22:14:09,ArtBijou_,#Amazon #AmazonWishList #AmazonPrimeDay #Amazing #jewelry #handmade #USA #onlineshopping #shopping #fashionable #womensfashion #gift #gifts #giftidea #giftsforher #handmadejewelry #handmadegifts #handmadejewellery #handmadeearrings #earrings #ring #beauty  https://t.co/jphNU56ElB,1.3114291515099587e+18
17,2020-09-30 22:13:40,FreebieDepot,►► #Free TYLENOL Cold or TYLENOL Sinus Medication - Up to $15 Value - Exp 7/3/21 ►► https://t.co/AHkMmqYMvO ►► #Amazon #FreeAfterRebate #FREESample #FREEStuff #FREEbate #Freebie #Sample #Samples #TryItFree #TryMeFREE ►► @FreebieDepot https://t.co/80XQ8B4TAh,1.3114290291872768e+18
18,2020-09-30 22:13:00,kohjijapan,"レビュー募集案件】

#ゲルクッション

背筋がピーンと伸びて、姿勢改善？

背中や腰の負担を和らげ、 ラクラク快適な座り心地を実現します。

#坐骨神経痛
#在宅ワーク
#テレワーク
#Amazon
#Amazonレビュー
#レビュー募集
#レビュアー https://t.co/BnXfupCR57",1.311428860739756e+18
19,2020-11-10 19:27:48,amazon,"Shanika, a leader with the Amazon Future Engineer program, fights for equal access to STEM education. She's committed to providing quality, hands-on learning for all students, no matter their zip code or skin color.",1.3262451923539968e+18
20,2020-09-30 22:13:56,ArtBijou_,#Amazon #AmazonWishList #AmazonPrimeDay #Amazing #jewelry #handmade #USA #onlineshopping #shopping #fashionable #womensfashion #gift #gifts #giftidea #giftsforher #handmadejewelry #handmadegifts #handmadejewellery #handmadeearrings #earrings #ring #beauty  https://t.co/Mc2NYcmVfD,1.3114290981877432e+18
21,2020-09-30 22:12:07,amzn_deals_us,"https://t.co/ILKR1DEn31 Gskyer Telescope, 70mm Aperture 400mm AZ Mount Astronomical Refracting Telescope for Kids Beginners - Travel Telescope with Carry Bag, Phone Adapter and Wireless Remote #Amazon #Deal https://t.co/tQYLggJ9OM",1.3114286403080684e+18
22,2020-09-30 22:15:22,rakten_kaden_,"10/01 07:15

EW-DJ53-W パナソニック 口腔洗浄機器（白
【楽天】15120円
【Amazon】21000円

★楽天で購入すると★
 5880円 お得（お得率39％）

↓お得な情報を一覧で確認出来るサイト
https://t.co/kMQYxgL6Rh

#楽天市場 #Amazon #お得 #せどり https://t.co/dM5lUxA8f7",1.3114294594220564e+18
23,2020-09-30 22:12:32,ArtBijou_,#Amazon #AmazonWishList #AmazonPrimeDay #Amazing #jewelry #handmade #USA #onlineshopping #shopping #fashionable #womensfashion #gift #gifts #giftidea #giftsforher #handmadejewelry #handmadegifts #handmadejewellery #handmadeearrings #earrings #ring #beauty  https://t.co/KbY66lb86w,1.3114287459878707e+18
24,2020-09-30 22:14:04,amzn_deals_us,https://t.co/BfIwM4E9wm OUGES Womens High Waist Pockets Yoga Pants Running Pants Workout Leggings #Amazon #Deal https://t.co/Y6G1E3ErQ8,1.311429129447846e+18
25,2020-09-30 22:14:35,ArtBijou_,#Amazon #AmazonWishList #AmazonPrimeDay #Amazing #jewelry #handmade #USA #onlineshopping #shopping #fashionable #womensfashion #gift #gifts #giftidea #giftsforher #handmadejewelry #handmadegifts #handmadejewellery #handmadeearrings #earrings #ring #beauty  https://t.co/0L9W8SSqJx,1.311429260012335e+18
26,2020-09-30 22:15:09,ikechukwujosep1,RT pse  Any relationship without reciprosity will die https://t.co/fqDZtIjXKl https://t.co/6fbNZpPNUs https://t.co/odTZ5nTdEj https://t.co/Zp4l5OrhoP #Kindle #Apple #Nook #Kobo #Amazon https://t.co/ItdAe1NQFS https://t.co/EgNXhmNJpg,1.3114294013519872e+18
27,2020-09-30 22:13:44,ArtBijou_,#Amazon #AmazonWishList #AmazonPrimeDay #Amazing #jewelry #handmade #USA #onlineshopping #shopping #fashionable #womensfashion #gift #gifts #giftidea #giftsforher #handmadejewelry #handmadegifts #handmadejewellery #handmadeearrings #earrings #ring #beauty  https://t.co/huKLvKDQ2w,1.3114290479482798e+18
28,2020-09-30 22:15:00,ArtBijou_,#Amazon #AmazonWishList #AmazonPrimeDay #Amazing #jewelry #handmade #USA #onlineshopping #shopping #fashionable #womensfashion #gift #gifts #giftidea #giftsforher #handmadejewelry #handmadegifts #handmadejewellery #handmadeearrings #earrings #ring #beauty  https://t.co/6zaqGnE6AY,1.3114293672775311e+18
29,2020-09-30 22:13:09,amzn_deals_us,"https://t.co/4if8kjH3tf PIXNOR Facial Cleansing Brush [Newest 2019], Waterproof Face Spin Brush with 7 Brush Heads for Deep Cleansing, Gentle Exfoliating, Removing Blackhead, Massaging #Amazon #Deal #FacialCl https://t.co/akq8kGJpac",1.31142889874022e+18
30,2020-09-30 22:15:54,superchefseries,"We love nachos! 

Give me a 💜 if you do too! 

Find more recipes in #BeASuperheroInTheKitchen. #amazon #barnesandnoble #bam #childrensbooks #superheroes @soilprintshop https://t.co/O5ldwDzJ1J",1.3114295912113562e+18
31,2020-09-30 22:12:51,ArtBijou_,#Amazon #AmazonWishList #AmazonPrimeDay #Amazing #jewelry #handmade #USA #onlineshopping #shopping #fashionable #womensfashion #gift #gifts #giftidea #giftsforher #handmadejewelry #handmadegifts #handmadejewellery #handmadeearrings #earrings #ring #beauty  https://t.co/1wxRBzcYzM,1.3114288231168983e+18
32,2020-09-30 22:12:03,tmsl_info,"【BLKP＆限定品】インテリアグッズがお買い得 ...
https://t.co/n0KSwJNInp
#Amazon #タイムセール",1.3114286246716293e+18
33,2020-09-30 22:13:52,TranceMusicBar,"Amazon One lets you pay with your palm 

RT @Damien_CABADI &amp; @albertogaruccio 

#technology #amazon #biometrics #ai 

via @verge   
https://t.co/okQXSyvdxU",1.3114290805547704e+18
34,2020-09-30 22:13:05,BevKornelsen,“ART FOR YOUR IMAGINATION” is a new #artbook of #originalart #modernart #abstractart #contemporaryart #acryllicart #mixedmedia #artworks.  It’s a compilation of #colorfulimages that appeals to all ages.  #followmyart on #Amazon. https://t.co/d9RRxeRPeX,1.311428881912533e+18
35,2020-09-30 22:15:45,ArtBijou_,#Amazon #AmazonWishList #AmazonPrimeDay #Amazing #jewelry #handmade #USA #onlineshopping #shopping #fashionable #womensfashion #gift #gifts #giftidea #giftsforher #handmadejewelry #handmadegifts #handmadejewellery #handmadeearrings #earrings #ring #beauty  https://t.co/LODmkwqnBw,1.3114295519149711e+18
36,2020-09-30 22:13:32,ArtBijou_,#Amazon #AmazonWishList #AmazonPrimeDay #Amazing #jewelry #handmade #USA #onlineshopping #shopping #fashionable #womensfashion #gift #gifts #giftidea #giftsforher #handmadejewelry #handmadegifts #handmadejewellery #handmadeearrings #earrings #ring #beauty  https://t.co/hkByfTmreO,1.31142899564535e+18
37,2020-09-30 22:14:21,ArtBijou_,#Amazon #AmazonWishList #AmazonPrimeDay #Amazing #jewelry #handmade #USA #onlineshopping #shopping #fashionable #womensfashion #gift #gifts #giftidea #giftsforher #handmadejewelry #handmadegifts #handmadejewellery #handmadeearrings #earrings #ring #beauty  https://t.co/ngm8hQvMFr,1.3114292031795118e+18
38,2020-09-30 22:14:48,ArtBijou_,#Amazon #AmazonWishList #AmazonPrimeDay #Amazing #jewelry #handmade #USA #onlineshopping #shopping #fashionable #womensfashion #gift #gifts #giftidea #giftsforher #handmadejewelry #handmadegifts #handmadejewellery #handmadeearrings #earrings #ring #beauty  https://t.co/sFRH4YnaAj,1.3114293138043494e+18
39,2020-09-30 22:13:03,micklovesbooks,"#Win an #Amazon Gift Card in our #Wattpad, #Radish and #ShortStory #Sweepstakes #Giveaway via @sffbookbonanza: https://t.co/eBcZcMajTv",1.3114288754450637e+18
40,2020-09-30 22:14:37,KatieTropp,"@ThisIsMrBrown #NowListening ""Trust Nobody"" by @KatieTropp  https://t.co/XDfuQH30Av via @YouTube #Spotify #AppleMusic #Amazon #GooglePlayMusic",1.3114292703387648e+18
41,2020-09-30 22:15:30,ArtBijou_,#Amazon #AmazonWishList #AmazonPrimeDay #Amazing #jewelry #handmade #USA #onlineshopping #shopping #fashionable #womensfashion #gift #gifts #giftidea #giftsforher #handmadejewelry #handmadegifts #handmadejewellery #handmadeearrings #earrings #ring #beauty  https://t.co/RbCWKTPn92,1.311429493098242e+18
42,2020-09-30 22:13:36,Charlie_Cawood,"Imagine Dragons - Natural #bigtimeradio https://t.co/N76xPoatRr @Charlie_Cawood @BigTimeRadio1 @bigtime_news
 on #Amazon Echo &amp; App https://t.co/c7cZfm4MQo  #Top40 #Music 247 #Worldwide 3 #Radio #Stations 43 #Countries #Interviews #Billboard https://t.co/JiPHr6jZyC  #SUBMI",1.3114290137982935e+18
43,2020-09-30 22:13:05,ArtBijou_,#Amazon #AmazonWishList #AmazonPrimeDay #Amazing #jewelry #handmade #USA #onlineshopping #shopping #fashionable #womensfashion #gift #gifts #giftidea #giftsforher #handmadejewelry #handmadegifts #handmadejewellery #handmadeearrings #earrings #ring #beauty  https://t.co/zquWRgUvKH,1.3114288823195116e+18
44,2020-09-30 22:14:40,claire_lebras,@vincentchabault Trop en avance... mais la France a un peu calé dans la côte sur le e-commerce à l'arrivée d'#Amazon avant d'investir vraiment dessus.,1.3114292807238042e+18
45,2020-09-30 22:13:18,ArtBijou_,#Amazon #AmazonWishList #AmazonPrimeDay #Amazing #jewelry #handmade #USA #onlineshopping #shopping #fashionable #womensfashion #gift #gifts #giftidea #giftsforher #handmadejewelry #handmadegifts #handmadejewellery #handmadeearrings #earrings #ring #beauty  https://t.co/0KArxjmchr,1.3114289392571843e+18
46,2020-09-30 22:15:12,chollosyoferta,"#Chollo #Amazon 54% DESCUENTO ION Scooter Eléctrico Tech, Adultos Unisex, Negro, Ruedas de 6,5"" (165 mm)

Precio oferta: 261,0
Reacondicionado: 119,13

    👇👇👇👇👇👇👇
👉 https://t.co/dhw977oq6I https://t.co/mhqXStQkO5",1.311429413486162e+18
47,2020-09-30 22:15:28,TheInStockRoom,"***New Deal***
Prime Members: 58-Count Quaker...
New price from $6
https://t.co/It3lgu1ODO
#Deals #newDeals #Discounts #Amazon https://t.co/aYjnoz8bMe",1.311429481068925e+18
48,2020-09-30 22:14:12,creativemm12,"👉https://t.co/tyfyDNv8VP  #amazon👈
💯👉Auto Follower👈💯
💯👉#自動相互フォロー👈💯

#TFB
#Palantir
#Donald #Trump #Jr
#Pixel #5
#autofollower
#500ADay
#followergenerator
#f4f
#TFB
#相互RT
#TeamFollowBack
#拡散希望RTお願いします",1.311429163941802e+18
49,2020-09-30 22:14:33,WeightLossFS,"iPhone 11 Pro Review: 6 Months Later
 https://t.co/FFLkjDyX89
From Amazon

#iPhone
#iPhone11 
#iPhone11Pro 
#Review 
#Unboxing 
#Apple 
#AppleEvent 
#Amazon https://t.co/E3ObTSsGlk",1.31142925244996e+18
,date,screen_name,tweet,tweet_id
0,2020-09-30 22:05:11,CoolDealCA,"Best Selling Blackout Curtains only $15.99!!

#freebies #deals #deal #moneysaver #greatdeal #steals #discount #sale #bargain #bargainhunter #cheap #bestprice #Amazon  #Deals #giveaway #Deal #ganga

 https://t.co/p9RKPPzZJ7 https://t.co/os4FrW93i6",1.3114268944165478e+18
1,2020-09-30 22:05:03,CloudChangelog,Best practices for configuring performance parameters for Amazon RDS for SQL Server https://t.co/yUGn9yfbeo #AWS #Amazon #AmazonRDS #RDSforSQLServer,1.3114268601491005e+18
2,2020-09-30 22:05:21,kana_ogawa,"【ハードロック】ベスト10
ROCK STAR BABY おしゃぶり ホルダー ドクロ ブラック/ホワイト
https://t.co/Wg0mJ7hEyg #Amazon",1.3114269385068667e+18
3,2020-09-30 22:05:25,MEGACompuTech,#megacomputech #Reparaciondecomputadoras #Amazon #kindleamazon #microsoldering #Philadelphia #Philly #PA #puertodecarga #tabletrepair #microsoldadura chargingport #reparaciondecelulares #reparaciondetabletas https://t.co/Ccdw4sKeyL,1.3114269554100142e+18
4,2020-09-30 22:08:04,amzn_deals_us,"https://t.co/fRqKaKhPox MOOSOO Vacuum Cleaner, 15KPa 4-in-1 Upright Vacuum Stick Vacuum Cleaner with HEPA Filters for Hard Floor Lightweight LT450 #Amazon #Deal https://t.co/tMi8BnbeQd",1.3114276218430956e+18
5,2020-09-30 22:05:37,kana_ogawa,"【ハードロック】ベスト10
The Great Kat - 拷問室
https://t.co/cVbuDtqDCf #Amazon",1.311427004256809e+18
6,2020-09-30 22:11:12,ArtBijou_,#Amazon #AmazonWishList #AmazonPrimeDay #Amazing #jewelry #handmade #USA #onlineshopping #shopping #fashionable #womensfashion #gift #gifts #giftidea #giftsforher #handmadejewelry #handmadegifts #handmadejewellery #handmadeearrings #earrings #ring #beauty  https://t.co/Dh4cWYrvgq,1.311428407272579e+18
7,2020-09-30 22:05:47,rinrinrin021209,"ぴこん♡朝はチビ達送り出すまで一苦労💦
#早起きは三文の徳 
 #早起きは3ピコンの徳

Amazonほしい物リストを一緒に編集しましょう https://t.co/KbOpbgEnbD #Amazon",1.311427044463403e+18
8,2020-09-30 22:05:11,kana_ogawa,"【ハードロック】ベスト10
80年代ヘヴィ・メタル/ハード・ロック ディスクガイド (BURRN!叢書)
https://t.co/94guFMhEQv #Amazon",1.3114268944666747e+18
9,2020-09-30 22:08:05,micklovesbooks,#Win an #Amazon Gift Card in our #Twitch #Games #Giveaway via @sffbookbonanza: https://t.co/Z9Uq4gmXTA,1.3114276257185546e+18
10,2020-09-30 22:06:04,amzn_deals_us,"https://t.co/Bo4zlJUH7y Cheesecloth, Grade 90, 36 Sq Feet, Reusable, 100% Unbleached Cotton Fabric, Ultra Fine Cheesecloth for Cooking - Nut Milk Bag, Strainer, Filter (Grade 90-4Yards) #Amazon #Deal https://t.co/ZczU9X2Psi",1.3114271162155459e+18
11,2020-09-30 22:11:02,AuthorBookBoost,"Love powerful, #books, true gripping page turners!
Visit 👉👉 https://t.co/FAZJDj3Hrs!
Find a book you'll love!
#booklovers #readers #Amazon #goodbooks #africanamerican #women #inspiration #indiebooks #indiereaders #africanamericanbooks #inspirationalfiction #Kindle #Nook https://t.co/3LKgLvyzLr",1.3114283659460977e+18
12,2020-09-30 22:08:03,FGw8vYTP8TMZxhf,"Spy for Nobody (English Edition) 
:ISBN 9781780585420 
is now available worldwide for purchase from #Amazon and #Google.The secrets of the #Syrian_people and the #Syrian_revolution. #criminal_Assad_regime and its #intelligence_services #adventure inside danger! #book https://t.co/4PaGrJpSYS",1.3114276170489856e+18
13,2020-09-30 22:05:27,kana_ogawa,"【ハードロック】ベスト10
ハミングバード（吹替版）
https://t.co/M076Eo4EEt #Amazon",1.3114269604347576e+18
14,2020-09-30 22:05:09,LWNovels,Baxter &amp; Holt Crime Series available at Leslie Wolfs #Amazon Store! Shop now!  #Retweet #summer #usa #author #ku https://t.co/FZaqmUyEOa,1.3114268879572582e+18
15,2020-09-30 22:08:32,wbanks1964,#WHOA Don’t Miss This #AMAZON #GIFTCARD #GIVEAWAY #AMREADING #FREEBOOKS https://t.co/bu05aDaTml,1.3114277358442496e+18
16,2020-09-30 22:10:43,ArtBijou_,#Amazon #AmazonWishList #AmazonPrimeDay #Amazing #jewelry #handmade #USA #onlineshopping #shopping #fashionable #womensfashion #gift #gifts #giftidea #giftsforher #handmadejewelry #handmadegifts #handmadejewellery #handmadeearrings #earrings #ring #beauty  https://t.co/OWIvIZiinu,1.3114282892071117e+18
17,2020-09-30 22:10:31,TheInStockRoom,"***New Deal***
LITHONIA LIGHTING LTHFLT MR16G...
Reduced from $19.32 to $9.14
https://t.co/WavBi3w6SD
#Deals #newDeals #Amazon https://t.co/4z79mi3LF6",1.3114282385944986e+18
18,2020-09-30 22:05:22,netcore_jp,【Amazon 売れ筋ランキング】Amazon で最も人気のある商品です。ランキングは1時間ごとに更新されます。 #Amazon #アマゾン #ランキング #おすすめ https://t.co/6EvMpGHs6B,1.3114269388844278e+18
19,2020-09-30 22:07:06,SolTaylorRdL,"Una historia. Una aventura. ¿Un comienzo? 
No te quedes con la duda... atrévete a dar un paso como Carmina y sorpréndete con lo que te trae el destino 🥰

Link 👉 https://t.co/iWEu213nDM

#kindle #KindleUnlimited #Amazon #ebook #romantica #comedia #humor #romance #leer #novela https://t.co/EdhlFpWlPb",1.3114273754235167e+18
20,2020-09-30 22:10:04,amzn_deals_us,"https://t.co/5Jw2wsC4pl Yeedi K600 Robot Vacuum Cleaner with Turbo Mode Suction Up to 1500Pa, Self-Charging, Quiet Cleaning for Pet Hair, Hard Floors and Carpets, Up to 110 min Runtime #Amazon #Deal https://t.co/5ExPuivv4I",1.3114281243709645e+18
21,2020-09-30 22:05:06,reiwamatome,"【悲報】Twitter民でGAFA会長と一緒に飲んだことある奴が現れる 画像あり

#Twitter #GAFA #Google #Facebook #Amazon #Apple
https://t.co/joBfMumlt4",1.311426871750398e+18
22,2020-09-30 22:05:22,rakten_kaden_,"10/01 07:05

【在庫あります！】カセットコンロ アウトドア イワ
【楽天】16900円
【Amazon】17600円

★楽天で購入すると★
 700円 お得（お得率4％）

↓お得な情報を一覧で確認出来るサイト
https://t.co/kMQYxgL6Rh

#楽天市場 #Amazon #お得 #せどり https://t.co/5l3PQsyEcq",1.3114269393876705e+18
23,2020-09-30 22:06:08,touhiduzzaman24,"@BookClubPro1 Hi dear,
I like and love graphic design. I work with graphic design very sincerely.
=== My awesome Service This gig ===
Checkout : https://t.co/Zw178KzBgf 
#BackgroundRemoval #Color_correction #Amazon
#photoshop #photographer #photo",1.3114271352701256e+18
24,2020-09-30 22:07:40,JC04011476,"Winnia is giving away a $50 #Amazon gift card in celebration of its official launch 🎁

Enter now 👇👇 https://t.co/IZGo0I7Qu7",1.3114275180674826e+18
25,2020-09-30 22:05:06,kana_ogawa,"【ハードロック】ベスト10
ハードロック・ハイジャック (字幕版)
https://t.co/SIaAEfYEuj #Amazon",1.3114268723627172e+18
26,2020-09-03 18:26:48,LenovoLegion,"Lenovo Legion x @PlayApex
Now is your chance to rise above the rest. 
Unmatched performance, purposeful engineering, modern design.
Gear up with a machine as savage as you are.
Stylish outside.
Savage inside.",1.301587465258578e+18
27,2020-09-30 22:10:25,eigo_jp,"【最新ニュース！】
「Amazon、運送業に進出中」🚚
Amazon Expands in the Transportation Industry

🙋‍♀️勢いが止まらない！

音声と本編はアプリで!
https://t.co/Q5JYH9v6yW

#Amazon  #輸送 #英語ニュース #英語 #英語学習 #英語勉強 https://t.co/qKq1BcvzRG",1.3114282111845253e+18
28,2020-09-30 22:05:42,kana_ogawa,"【ハードロック】ベスト10
ラ・ラ・ランド(字幕版)
https://t.co/ILJKQXcQ3F #Amazon",1.3114270262601605e+18
29,2020-09-30 22:10:48,Alexand3r92,The Dragon's Roar by Alexander A. Nastasi https://t.co/w0VZ0yAjv7 via @amazon #dragon #ebook #fantasy #knights #book #KU #kindleunlimited #amwriting #reading #thedragonsroar #fiction #kindle #warrior #war #magic #promo #freebie #free #promotion #freekindle #promoebook #amazon,1.3114283074566103e+18
30,2020-09-30 22:08:09,creativemm12,"&lt;Current Weather&gt;
Los Angeles
Temperature: 95.36°F/ Status: clear
👉https://t.co/BLkuSakmXs #amazon👈
💯👉Auto Follower👈💯
💯👉#自動相互フォロー👈💯

#followergenerator
#Braves
#NBC #news
#Pixel #5
#相互フォロー100
#TeamFollowBack
#TeamFollowback
#f4",1.3114276427011482e+18
31,2020-09-30 22:10:37,CoolDealCA,"💲💰
LITHONIA LIGHTING LTHFLT MR16G...
Reduced from $19.32 to $9.14

# #Deals #new #Deals #Amazon  #Deal #ganga

 https://t.co/3twYnjblMg https://t.co/P85FaWRqSd",1.3114282638568038e+18
32,2020-09-30 22:10:58,ArtBijou_,#Amazon #AmazonWishList #AmazonPrimeDay #Amazing #jewelry #handmade #USA #onlineshopping #shopping #fashionable #womensfashion #gift #gifts #giftidea #giftsforher #handmadejewelry #handmadegifts #handmadejewellery #handmadeearrings #earrings #ring #beauty  https://t.co/Q8UwtEwiym,1.3114283485523845e+18
33,2020-09-30 22:10:15,TechAway_IT,"#Amazon prosegue l'avanzata alla #conquista delle nostre #case con la nuova #lineup #Echo, device #smart con integrata #Alexa. 

Scopri tutti i dettagli sulla nuova gamma: https://t.co/CkBUj1Wivb

#Domotica #EchoDot #Tecnologia #SmartLife",1.3114281690696253e+18
34,2020-09-30 22:05:32,kana_ogawa,"【ハードロック】ベスト10
The Great Kat - Paganinis カプリス＃24
https://t.co/2LjW8a9utx #Amazon",1.311426982349992e+18
35,2020-09-30 22:07:04,amzn_deals_us,https://t.co/KNp5YZ0is4 One Way Mirror Window Film Daytime Privacy Heat Control Film Solar Film Non-Adhesive Window Tint for Home and Office 6 Mil #Amazon #Deal https://t.co/WCbQhLctLA,1.31142736800367e+18
36,2020-09-30 22:10:31,ArtBijou_,#Amazon #AmazonWishList #AmazonPrimeDay #Amazing #jewelry #handmade #USA #onlineshopping #shopping #fashionable #womensfashion #gift #gifts #giftidea #giftsforher #handmadejewelry #handmadegifts #handmadejewellery #handmadeearrings #earrings #ring #beauty  https://t.co/7bPaya7NrW,1.3114282356962468e+18
37,2020-09-30 22:11:15,RetroMix1079,"Now, you can listen on #Amazon #Alexa! Enable the Live365 Skill here: https://t.co/OVdbMqxh7J. Then say  ''Alexa, play Live365.''  When she asks which station, say  ''Play Retro Mix.'' #Live365 #80s #90s",1.311428421738795e+18
38,2020-09-30 22:10:22,rakten_kaden_,"10/01 07:10

シチズン ( CITIZEN ) シチズン 超音波
【楽天】7700円
【Amazon】8480円

★楽天で購入すると★
 780円 お得（お得率10％）

↓お得な情報を一覧で確認出来るサイト
https://t.co/kMQYxgL6Rh

#楽天市場 #Amazon #お得 #せどり https://t.co/wr79PoYJk2",1.3114281993776333e+18
39,2020-09-30 22:10:10,CoolDealCA,"Best Selling TP- N300 WiFi Extender only $19.99!!

#freebies #deals #deal #moneysaver #greatdeal #steals #discount #sale #bargain #bargainshopper #cheap #bestprice #Amazon  #Deals #giveaway #Deal #ganga

 https://t.co/hRaWF9qksU https://t.co/79G45W0XDW",1.3114281493816648e+18
40,2020-09-30 22:05:03,sakurabaaa_g,"書きました！！

 大人気！！

Amazon echoで自宅のテレビなどのリモコン付家電を操作する方法をまとめました。

 #amazon #アマゾン #echo #招待 #テレビ #操作 #firetv 
https://t.co/BPfbRIWIjZ",1.3114268627745915e+18
41,2020-09-30 22:05:48,kana_ogawa,"【ハードロック】ベスト10
The Great Kat -拷問のテクニック
https://t.co/xSWf2eHBak #Amazon",1.3114270480956662e+18
42,2020-09-30 22:10:03,ladyarcher1,"Enjoy a captivating and powerful romance. Grab your copy today. Available on paperback/Ebook  FREE on KU.
Freedom  https://t.co/lbU1fRNTqh 
#romance #contemporary #bookbub #goodreads #amazon #kindle #Amazonbooks #womensfiction #KBWorlds https://t.co/CjXpHz8XBl",1.3114281201305969e+18
43,2020-09-30 22:06:57,bot_bot365,"AMD Ryzen 7 3700X with Wraith Prism cooler 3.6GHz 8コア / 16スレッド 
36MB 65W【国内正規代理店品】 100-100000071BOX

https://t.co/RGYtL1t5Ka

＃AMD
＃amazon",1.3114273407616123e+18
44,2020-09-30 22:10:03,INDIEBOOKSOURCE,"https://t.co/yGtKTEEgIn
BOOKS BY AUTHOR ORLANDO SANCHEZ
#Books #IARTG #Kindle #Amazon #ReadIndie #indieauthors #ian1 #bookboost
#Authors @rcarter67606 @JPCarter47  @AuthorOSanchez https://t.co/ifC0vK6tsj",1.3114281215147172e+18
45,2020-09-30 22:11:26,ArtBijou_,#Amazon #AmazonWishList #AmazonPrimeDay #Amazing #jewelry #handmade #USA #onlineshopping #shopping #fashionable #womensfashion #gift #gifts #giftidea #giftsforher #handmadejewelry #handmadegifts #handmadejewellery #handmadeearrings #earrings #ring #beauty  https://t.co/ntYlPxp3xG,1.3114284665717268e+18
46,2020-09-30 22:05:10,CoolDealCA,"#Apple AirPods with Charging Case for $129!! (Retail: $159)

#freebies #deals #deal #moneysaver #greatdeal #steals #discount #sale #bargain #bargainhunter #bargainshopper #cheap #bestprice #Amazon  #Deals #giveaway #Deal #ganga

 https://t.co/i8NKuO72jn https://t.co/MRL6Ee576H",1.3114268914218148e+18
47,2020-09-30 22:10:11,CoolDealCA,"Magic Bullet Blender, Small, Silver, 11 Piece Set for $39.99!! 

#freebies #deals #deal #moneysaver #greatdeal #steals #discount #sale #bargain #bargainhunter #cheap #bestprice #Amazon  #Deals #giveaway #Deal #ganga

 https://t.co/lsuZc9wFpZ https://t.co/QKSnOoyfO6",1.3114281519107277e+18
48,2020-09-30 22:05:16,kana_ogawa,"【ハードロック】ベスト10
FIREPOWER
https://t.co/iOhiMAUsEX #Amazon",1.3114269166000947e+18
49,2020-09-30 22:05:09,yotubanokuro_b,"【１日たった数分の仕事？！】
それでいて、寝てても、ラクに、稼げるヤバいツールの正体とは？！

https://t.co/jj3prZcRae

#自動転売
#せどり
#Amazon
#副業
#転売
#不労所得",1.3114268873321595e+18
,date,screen_name,tweet,tweet_id
0,2020-09-30 22:01:04,readtiafanning,"“Three days had passed since the battle, but he haunted my thoughts, invaded my dreams. Those dark eyes, the deep voice, that scent. Sandalwood and vanilla maybe. Why hadn’t he executed me?”
https://t.co/chREe555QJ
#TiaFanning! #Amazon #KindleUnlimited #KU #Romance #eBook https://t.co/fSaMz1SZfR",1.3114258573957898e+18
1,2020-09-30 22:03:31,touhidu_tou,"@NatashaMay901 Hi dear,
I like and love graphic design. I work with graphic design very sincerely.
=== My awesome Service This gig ===
Checkout : https://t.co/Qo83z4XWTV 
#BackgroundRemoval #Color_correction #Amazon
#photoshop #photographer #photo",1.3114264767350456e+18
2,2020-09-30 22:04:50,myuki00,"【毎月ラクに利益60万！？】
Amazonの商品を無在庫で扱え！
その ”最強ツール” がついに公開！

https://t.co/KMgsfkenDr

#自動転売
#せどり
#Amazon
#副業
#転売",1.3114268072881357e+18
3,2020-09-30 22:02:00,mfauscette,"#Amazon jumps into virtual tourism, offering live one-on-one experiences around the world https://t.co/k3c982puMW",1.311426094071939e+18
4,2020-09-30 22:00:48,yuki_nagase,"【デスメタル】ベスト10
デュエルマスターズ DMC-40 スーパーデッキ・ゼロ ヘヴィ・デス・メタル
https://t.co/j65XAHwQcZ #Amazon",1.3114257908782612e+18
5,2020-09-30 22:03:03,MrBookNarrator,Fall in love with James as you follow him through his life...  I did.  #EscapeFromMilltown #Audible #AudioBook #AmReading #JamesRobersonNovels #Amazon #MrBookNarrator See more: https://t.co/Dt8oViRavc https://t.co/w3RZOTWkOD,1.3114263577677947e+18
6,2020-09-30 22:03:53,atushi5107,API回復～!フォロー返し１００％だよ　#followmeJP　#sougofollow　#followdaibosyu　#followme　#amazon,1.311426565708759e+18
7,2020-09-30 22:00:25,shinchaku,【発売日：2020/08/07】二月の勝者 ―絶対合格の教室―（９） (ビッグコミックス)  https://t.co/P1IlkMYJNe #amazon,1.3114256960618865e+18
8,2020-09-30 22:00:42,CoolDealCA,"#BenQ 1080P 24 Inch #Gaming Monitor for $114.99 After Prime Savings!!

#freebies #deals #deal #moneysaver #greatdeal #steals #discount #sale #bargain #bargainhunter #bargainshopper #cheap #bestprice #Amazon  #Deals #giveaway #Deal #ganga

 https://t.co/z3kiM0j9ZH https://t.co/RtGDF4URLq",1.3114257671133962e+18
9,2020-09-30 22:00:43,yuki_nagase,"【デスメタル】ベスト10
マニフェスト[ベースに元ドラゴンフォース、現クリエイターのフレデリク・ルクレールを迎えた、古き良き時代のデス・メタルを現代のサウンド・プロダクションで仕上げた作品|CD(日本語解説書封入 / 歌詞対訳付)]
https://t.co/ukcrojN80A #Amazon",1.311425768858157e+18
10,2020-09-30 22:02:42,markjhooper,There a lots of things that the WG shouldn’t have spent money on over the years - most of them are public cash to private interests #AstonMartin #CardiffAirport #Amazon #Ford etc,1.3114262701866066e+18
11,2020-09-30 22:00:29,hidesan_tv,"#おすすめ #売れ筋 #ベストセラー #子供,#プレゼント #おもちゃ #ゲーム #フィギュア #仮面ライダー #ガンダム #鬼滅の刃 #Amazon #楽天 #楽天ROOM🌈 ねんどろいど NieR：Automata 2B(ヨルハ二号B型)[スクウェア・エニックス]《02月予約》 [楽天] https://t.co/rBbucvOf7P #rakuafl https://t.co/aa0jrETf0C",1.3114257140050575e+18
12,2020-09-30 22:03:06,touhidu_tou,"@Ice3MCR @VinePair Hi dear,
I like and love graphic design. I work with graphic design very sincerely.
=== My awesome Service This gig ===
Checkout : https://t.co/Qo83z4XWTV 
#BackgroundRemoval #Color_correction #Amazon
#photoshop #photographer #photo",1.311426371567059e+18
13,2020-09-30 22:00:24,shinchaku,【発売日：2020/09/17】絢爛たるグランドセーヌ　16 (チャンピオンREDコミックス)  https://t.co/4rLUu3jchx #amazon,1.311425689569108e+18
14,2020-09-30 22:01:36,noizylady,"#Amazon
Halloween sweets, treats, and more have arrived on Amazon!
https://t.co/cqIbx4Hvqw

#AD #PrimeDay #Sale #Deals #Discounts #Prime #DealoftheDay #amazondeals",1.3114259924943258e+18
15,2020-09-30 22:00:24,shinchaku,【発売日：2020/08/18】天皇の国史  https://t.co/8yqwaJvpVJ #amazon,1.3114256923206328e+18
16,2020-09-30 22:01:45,matilda_w_,"Trade unions urge #EU to investigate #Amazon effort to spy on workers. / The management or even the business owner itself is involved with #Scientology since many years is this a well known fact, after an investigation in #Germany. https://t.co/Lu6eqDfN90",1.31142603003759e+18
17,2020-09-30 22:04:04,noizylady,"#Amazon
Save:$38.00 (45%) on Clarks Women's Ashland Lane Q Slip-On Loafer
List Price:$85.00Price:$47.00
https://t.co/ywKLKV9rqO

#AD #PrimeDay #Sale #Deals #Discounts #Prime #DealoftheDay #amazondeals",1.3114266158266982e+18
18,2020-09-30 22:00:37,yuki_nagase,"【デスメタル】ベスト10
METALCA メタルカ
https://t.co/tPV3VwMuWC #Amazon",1.3114257467919237e+18
19,2020-09-30 22:00:46,ItShouldBeYour,"SEI Furniture Barrisdale Farmhouse Dining Table, Antique White/Whiskey Maple https://t.co/8KVjT6yMUM #gifts #giftideas #shopping #household #holiday #blackfriday #thanksgiving #cybermonday @amazon #amazon https://t.co/zIZmESjXHy",1.311425781357314e+18
20,2020-09-30 22:00:23,shinchaku,【発売日：2020/09/23】ブルーピリオド(8) (アフタヌーンKC)  https://t.co/txl7iqwZqi #amazon,1.3114256870482903e+18
21,2020-09-30 22:00:38,CoolDealCA,"💲💰
Quaker Oats Chewy Granola Bars...
Reduced from $11 to $6 w/ Prime, Sub &amp; #Save

# #Deals #new #Deals #savings #Amazon  #Deal #ganga

 https://t.co/dyWezMtk8V https://t.co/0RCzRvZYx7",1.3114257479076782e+18
22,2020-09-30 22:05:00,kana_ogawa,"【ハードロック】ベスト10
ハード・ロック・ナイト
https://t.co/qDjKsGt4in #Amazon",1.3114268504097792e+18
23,2020-09-30 22:02:14,amzn_deals_us,https://t.co/QdevJVRii4 CGK Unlimited 4PC400TCNEW #Amazon #Deal #CGKUnlimited https://t.co/BFBr5RdZDB,1.3114261517185475e+18
24,2020-09-30 22:04:51,Suesan0814,"#FREE #KU #PNR #doppelganger #Amazon #NYTimes #bestselling author Purgatory, a place Down Under https://t.co/NfUXMaI9LN https://t.co/L9dtoUjkUc",1.3114268116880876e+18
25,2020-09-30 22:00:27,shinchaku,【発売日：2020/09/09】見せたがりの露乃ちゃん　1巻: バンチコミックス  https://t.co/CsLdjstUrd #amazon,1.3114257030663782e+18
26,2020-09-30 22:00:25,shinchaku,【発売日：2020/08/11】中間管理録トネガワ（１０） (コミックＤＡＹＳコミックス)  https://t.co/f1w7DDWEbm #amazon,1.3114256947784376e+18
27,2020-09-30 22:01:00,creativemm12,"#本間ゴルフ の 本間ゴルフ ゴルフボール New D1 New D1 BT-1801 イエロー
https://t.co/boxgFQkMxD
#followermachine
#marketing
#amazon
#Donald #Trump #Jr
#Newport #County #vs #Newcastle
#金馬獎",1.311425840782037e+18
28,2020-09-30 22:02:33,GetParentology,"Boy, 5, Saves Mom’s Life During Seizure with Amazon’s Alexa https://t.co/tmDpk043fP #NEWS #Alexa #amazon https://t.co/35aLIkeKla",1.3114262316114493e+18
29,2020-09-30 22:00:27,shinchaku,【発売日：2020/08/21】フラジャイル　病理医岸京一郎の所見（１８） (アフタヌーンコミックス)  https://t.co/SBfPhOJLGe #amazon,1.3114257043708682e+18
30,2020-09-30 22:04:37,DownJohnSeptic,"Down John on #Google https://t.co/5RbpYzsTan Good News! Prime Members who buy DOWN JOHN on Amazon now get $10 Prime Day Cash Credit to 
be used on Prime Day 2020! 💰
Check out info below! #downjohnseptic #supportsmall #amazon #septictanktreatments",1.311426753735385e+18
31,2020-09-30 22:02:45,touhidu_tou,"@atticesoterica Hi dear,
I like and love graphic design. I work with graphic design very sincerely.
=== My awesome Service This gig ===
Checkout : https://t.co/Qo83z4XWTV 
#BackgroundRemoval #Color_correction #Amazon
#photoshop #photographer #photo",1.311426283738329e+18
32,2020-09-30 22:03:31,noizylady,"#Amazon
Save:$34.70 (41%) on Clarks Women's Ayla Low Ballet Flat
List Price:$85.00Price:$50.30
https://t.co/OcQvlTGdHP

#AD #PrimeDay #Sale #Deals #Discounts #Prime #DealoftheDay #amazondeals",1.3114264751538627e+18
33,2020-09-30 22:02:10,Aramburu2412,@gpwren Amazon launches “Amazon One” technology where consumers can pay with their palm. https://t.co/N9FlDU8kvw - It’ll be interesting to see how consumers trust their biometric data with a massive company #cybersecurity #Amazon #amazonone,1.311426134698066e+18
34,2020-09-30 22:00:26,shinchaku,【発売日：2020/08/11】不徳のギルド 6巻 (デジタル版ガンガンコミックス)  https://t.co/V3BcnNdx92 #amazon,1.3114257003946066e+18
35,2020-09-30 22:01:00,skubana_erp,Having issues #forecasting and #shipping the right #inventory to #Amazon FBA? Here's how an #inventorymanagement system can solve that for you. https://t.co/SedQcB1bnq,1.3114258404298301e+18
36,2020-09-30 22:01:00,OnetheDocument1,"A mother’s pain, how do you save your child from addiction? #onethedocumentary #Amazon https://t.co/58wwVGa4Ub",1.3114258413106995e+18
37,2020-09-30 22:00:23,shinchaku,【発売日：2020/08/20】きのう何食べた?(17) (モーニング KC)  https://t.co/xRX9v0wHDp #amazon,1.311425688298193e+18
38,2020-09-30 22:03:09,CoolDealCA,"💵💰

Grab an #Amazon  Echo Show 5 PLUS a WYZE #Camera for $114.99!!

 #Deal #ganga

 https://t.co/9IdHesBbTl https://t.co/iscG7PmacW",1.3114263846953042e+18
39,2020-09-30 22:00:32,TheInStockRoom,"***New Deal***
Quaker Oats Chewy Granola Bars...
Reduced from $11 to $6 w/ Prime, Sub &amp; Save
https://t.co/FBrk522BpN
#Deals #newDeals #savings #Amazon https://t.co/1BWjXnWGcw",1.31142572281736e+18
40,2020-09-30 22:02:46,2BRUKREW,"Demons &amp; Vampires vs. Gunfighting Priests &amp; an Immortal Knight! Read about all HELL BREAKING LOOSE in: Keepers Of The Gate! Only .99 on #Amazon! Action-Packed Supernatural #horror / #fantasy! 
https://t.co/aGmThnbvQs
https://t.co/dQcijhT0Q7
#writing #Suspensenovel #Halloween https://t.co/CukeDowrE1",1.3114262856593326e+18
41,2020-09-30 22:00:26,shinchaku,【発売日：2020/09/23】マージナル・オペレーション(15) (アフタヌーンKC)  https://t.co/17SLtvFvJ1 #amazon,1.311425697404121e+18
42,2020-09-30 22:00:32,yuki_nagase,"【デスメタル】ベスト10
デスコアガイドブック: デスメタルとメタルコアの融合 (世界過激音楽)
https://t.co/WALl6Mn9Rp #Amazon",1.3114257248347464e+18
43,2020-09-30 22:00:26,shinchaku,【発売日：2020/08/14】素材採取家の異世界旅行記３ (アルファポリスCOMICS)  https://t.co/pXOUNpqt27 #amazon,1.3114256988511027e+18
44,2020-09-30 22:00:43,CoolDealCA,"Aroma Housewares 6-Cup Rice Cooker for $19.99!!

#freebies #deals #deal #moneysaver #greatdeal #steals #discount #sale #bargain #bargainhunter #cheap #bestprice #Amazon  #Deals #giveaway #Deal #ganga

 https://t.co/ExpLcPDjFF https://t.co/cqNE1bOITz",1.3114257698522767e+18
45,2020-09-30 22:00:24,shinchaku,【発売日：2020/08/21】自称悪役令嬢な婚約者の観察記録。４ (レジーナCOMICS)  https://t.co/zPhX1BZHdl #amazon,1.3114256908987802e+18
46,2020-09-30 22:00:27,yuki_nagase,"【デスメタル】ベスト10
デトロイト・メタル・シティ 1 (ジェッツコミックス)
https://t.co/BM766Ekhe9 #Amazon",1.3114257028859576e+18
47,2020-09-30 22:00:25,traveltechca,https://t.co/CiXpTsnd2R for #travel #tech for #canada #Amazon #toronto #trip #adventure #goals #love #TFLers #tweegram #photooftheday #20likes #amazing #smile #follow4follow #like4like #look #instalike #igers #picoftheday #food #instadaily #instafollow #followme #girl #iphoneon…,1.311425693264294e+18
48,2020-09-30 22:00:51,XperienceDope,"Blasting Wiz Khalifa - Taylor (Club) right now on Pretty Dope Xperience Radio aka #BlackPandora

listen now and catch a wave!! https://t.co/VqKFopeoex  #nowplaying #np #RT  #NowStreaming #Streema Download Now #Alexa #GooglePlay #iOSAppStore #Amazon #",1.311425803582931e+18
49,2020-09-30 22:01:21,OFIOffice,"Have you signed up for @amazonsmile yet? By choosing Orangutan Foundation International as your charity, #Amazon donates 0.5% of the purchase price towards our work. It's an effortless way to support OFI and help #orangutans, so head to https://t.co/JNqt0Tp0xZ and sign up today💝 https://t.co/jNid5u54GK",1.3114259287199908e+18
,date,screen_name,tweet,tweet_id
0,2020-09-30 21:58:07,hidesan_tv,"#おすすめ #売れ筋 #ベストセラー #子供,#プレゼント #おもちゃ #ゲーム #フィギュア #仮面ライダー #ガンダム #鬼滅の刃 #Amazon #楽天 #楽天ROOM🌈 【予約】カードダス ディズニー ツイステッドワンダーランド メタルカードコレクション3 自販機版 BOX 【… [楽天] https://t.co/5c7Q95C3Z4 #rakuafl https://t.co/fD4kVNOCw4",1.3114251151758828e+18
1,2020-09-30 21:56:16,tmsl_info,"【限定数: 50 残: 46】Bluetooth ワイヤレス イヤホン マイク内蔵 3Dステレオサウンド 蓋の開閉より再起動 カナル型 スポ ...
セール特価: ￥2,999 
OFF: ￥800 (21%)
https://t.co/Z9HGt2khiY
#Amazon #タイムセール",1.3114246511599903e+18
2,2020-09-30 21:57:05,hidesan_tv,"#おすすめ #売れ筋 #ベストセラー #子供,#プレゼント #おもちゃ #ゲーム #フィギュア #仮面ライダー #ガンダム #鬼滅の刃 #Amazon #楽天 #楽天ROOM🌈 【限定販売】アルファオメガ Re：ゼロから始める異世界生活 レム ネコミミVer. 完成品フィギュア[アルフ… [楽天] https://t.co/GkOpYP54VE #rakuafl https://t.co/B2DxgGtVV4",1.311424857247105e+18
3,2020-09-30 21:58:04,Esveritate,"Encuentra ecos de lejanos mundos y sombras del pasado que vuelven para destruirlo todo. ¡Sigue la aventura galáctica! 
El Volumen 3 de la #serie de #cienciaficcion EN ÓRBITAS EXTRAÑAS de @RamonSomoza ya está en #preventa en #Amazon para #Kindle #SciFi
https://t.co/n7gdU8iER7 https://t.co/l4iOI4iCwk",1.311425104719442e+18
4,2020-09-30 22:00:16,yuki_nagase,"【デスメタル】ベスト10
オールドスクール・デスメタル・ガイドブック 中巻: ヨーロッパ編 (世界過激音楽)
https://t.co/42HF3eHRNe #Amazon",1.311425658963202e+18
5,2020-09-30 22:00:22,yuki_nagase,"【デスメタル】ベスト10
スウェディッシュ・デスメタル
https://t.co/5T0xBMW1V3 #Amazon",1.311425680958128e+18
6,2020-09-30 21:59:52,hidesan_tv,"#おすすめ #売れ筋 #ベストセラー #子供,#プレゼント #おもちゃ #ゲーム #フィギュア #仮面ライダー #ガンダム #鬼滅の刃 #Amazon #楽天 #楽天ROOM🌈 【ラジコン】ドリフトラジコンワイルドスピード　1/10　JadaTOYS☆マツダ　RX7　オレンジ [楽天] https://t.co/ELjFSH7qQ7 #rakuafl https://t.co/pdjucKXRL3",1.3114255555567862e+18
7,2020-09-30 22:00:09,hidesan_tv,"#おすすめ #売れ筋 #ベストセラー #子供,#プレゼント #おもちゃ #ゲーム #フィギュア #仮面ライダー #ガンダム #鬼滅の刃 #Amazon #楽天 #楽天ROOM🌈 【限定販売】KDcolle ストライク・ザ・ブラッド 姫柊雪菜 常夏のウェディングVer. 1/7 完成品フィギュア[… [楽天] https://t.co/8FYHPUZYuD #rakuafl https://t.co/dzNT8BQ5Md",1.311425627988263e+18
8,2020-09-30 22:00:00,hidesan_tv,"#おすすめ #売れ筋 #ベストセラー #子供,#プレゼント #おもちゃ #ゲーム #フィギュア #仮面ライダー #ガンダム #鬼滅の刃 #Amazon #楽天 #楽天ROOM🌈 【あみあみ限定特典】アイドルマスター シンデレラガールズ 二宮飛鳥 深淵への招待 Ver. 1/7 完成品フィ… [楽天] https://t.co/m7cos3yMNF #rakuafl https://t.co/GIM79QSikm",1.3114255885869711e+18
9,2020-09-30 21:58:47,hidesan_tv,"#おすすめ #売れ筋 #ベストセラー #子供,#プレゼント #おもちゃ #ゲーム #フィギュア #仮面ライダー #ガンダム #鬼滅の刃 #Amazon #楽天 #楽天ROOM🌈 遊戯王OCG デュエルモンスターズ 20th ANNIVERSARY LEGEND COLLECTION BOX◆新品Sa【即納】【コンビニ受… [楽天] https://t.co/ydFtrSqDjD #rakuafl https://t.co/egDIBgUfyT",1.3114252825873285e+18
10,2020-09-30 21:57:18,yukimi_r177,"子供服　キッズ　ホーム　ウェア　長袖　 パジャマ　上下セット　ズボン　柔らかい https://t.co/MnnmXBLKKD #Amazon
説明の日本語がアレなんだけど可愛い",1.3114249117395108e+18
11,2020-09-30 21:59:18,hidesan_tv,"#おすすめ #売れ筋 #ベストセラー #子供,#プレゼント #おもちゃ #ゲーム #フィギュア #仮面ライダー #ガンダム #鬼滅の刃 #Amazon #楽天 #楽天ROOM🌈 【限定販売】Precious G.E.M.シリーズ デジモンアドベンチャー02 インペリアルドラモン：ドラゴンモード … [楽天] https://t.co/WjrtbIkP9p #rakuafl https://t.co/VyVywlM786",1.3114254143387566e+18
12,2020-09-30 22:00:20,touhidu_tou,"@usanews24_7 Hi dear,
I like and love graphic design. I work with graphic design very sincerely.
=== My awesome Service This gig ===
Checkout : https://t.co/Qo83z4XWTV 
#BackgroundRemoval #Color_correction #Amazon
#photoshop #photographer #photo",1.311425673186091e+18
13,2020-09-30 21:56:58,huua18u,@HarukiKai0628 https://t.co/NZxM3NDcct #Amazon,1.31142482563883e+18
14,2020-09-30 22:00:03,YabRock,Get Together ～LIVE IN TOKYO～(初回限定盤)(DVD付) / #矢野顕子×#上原ひろみ https://t.co/NklbMQU45k #Jazz #アマゾン #Amazon #AmazonJP,1.31142560341384e+18
15,2020-09-30 22:00:11,yuki_nagase,"【デスメタル】ベスト10
オールドスクール・デスメタル・ガイドブック 上巻: アメリカ・オセアニア・アジア編 (世界過激音楽)
https://t.co/Z8zUKcRkH9 #Amazon",1.3114256367668716e+18
16,2020-09-30 21:57:06,milysstyle,"Amazonで販売中の商品を副サイトやTwitterで紹介する方法！の巻
https://t.co/hOKQKtbq4T #Amazon #副サイト登録 #Twitter登録 #ミリススタイルブログ",1.3114248625529037e+18
17,2020-09-30 21:56:43,TheInStockRoom,"***New Deal***
Skechers Women's GO Walk SMART...
Reduced from $60.00 to $25.20
https://t.co/3JfjggKe1C
#Deals #newDeals #Amazon https://t.co/dolBPWbsCV",1.3114247620198277e+18
18,2020-09-30 21:58:39,hidesan_tv,"#おすすめ #売れ筋 #ベストセラー #子供,#プレゼント #おもちゃ #ゲーム #フィギュア #仮面ライダー #ガンダム #鬼滅の刃 #Amazon #楽天 #楽天ROOM🌈 アーティスト・コレクション スパイダーマン:マキシマム・ヴェノム アイアンマン (ヴェノム版) 1/6スケー… [楽天] https://t.co/xrtHNcXI3w #rakuafl",1.3114252492803195e+18
19,2020-09-30 22:00:01,GabrielDiggs,"My #trap single SET YOU FREE FEAT. CYRUS is out now at #AppleMusic https://t.co/FrPFBlHFrN and #Spotify https://t.co/YfVfZVOPAi For fans of #Skrillex, #Bastille, #Diplo, and phat #bass! #music #trapmusic #beats #producer #edm #soundcloud #musician #follow #ableton #amazon #np",1.3114255941611602e+18
20,2020-09-30 22:00:00,AH0RRAC0M0NUNCA,"📱 ¡El #GalaxyS10Lite por SÓLO 439 💶!

Es un GENIAL móvil con:

Super AMOLED 6,7"" 2.400x1.080
#Snapdragon 855
8GB + 128GB
Triple cámara trasera 48 mp
Lector de huellas en pantalla
4.500mAh carga ¡45W!

🌐 De #Samsung

📦 Envío #gratis en #Amazon

AQUÍ 🔗 https://t.co/r0sjD1WpiH https://t.co/71pZ3Xj2sm",1.3114255899248804e+18
21,2020-09-30 22:00:22,shinchaku,【発売日：2020/09/07】空挺ドラゴンズ（９） (アフタヌーンコミックス)  https://t.co/nnA15BMeqV #amazon,1.311425683818713e+18
22,2020-09-30 21:55:54,114514Bosyu,"Amazon無料商品購入案件

Amazonにて商品が無料で購入出来る案件があります！

商品は転売、使用、なんでも大丈夫

転売で出た利益はあなたのものです

もちろん、違法性皆無です

希望の方はDMまでお願い致します☺

#Amazon
#転売
#副業
#バイト
#高収入",1.3114245603364946e+18
23,2020-09-30 21:59:36,hidesan_tv,"#おすすめ #売れ筋 #ベストセラー #子供,#プレゼント #おもちゃ #ゲーム #フィギュア #仮面ライダー #ガンダム #鬼滅の刃 #Amazon #楽天 #楽天ROOM🌈 （シリンダー加工済み） 東京マルイ エアコッキングガン本体 VSR-10 Gスペック(G-SPEC) OD ボルトアクシ… [楽天] https://t.co/0iEOfEQvYJ #rakuafl https://t.co/BHAcaLL60y",1.3114254893119939e+18
24,2020-09-30 22:00:00,AlphaRepricer,"Learn about the most effective ways of sourcing products on Amazon!

https://t.co/xxc0Kjmcya

#Amazon #AmazonRepricer #AlphaRepricer #amazonseller #OnlineSellers #cheapestrepricer #logistic #fbasellers #USA #California #NewYork #Florida #Washington #Virginia #Texas #LosAngeles",1.3114255890483036e+18
25,2020-09-03 18:26:48,LenovoLegion,"Lenovo Legion x @PlayApex
Now is your chance to rise above the rest. 
Unmatched performance, purposeful engineering, modern design.
Gear up with a machine as savage as you are.
Stylish outside.
Savage inside.",1.301587465258578e+18
26,2020-09-30 22:00:22,shinchaku,【発売日：2020/08/04】チェンソーマン 8 (ジャンプコミックスDIGITAL)  https://t.co/9H2uX2gUIs #amazon,1.311425680886952e+18
27,2020-09-30 22:00:18,hidesan_tv,"#おすすめ #売れ筋 #ベストセラー #子供,#プレゼント #おもちゃ #ゲーム #フィギュア #仮面ライダー #ガンダム #鬼滅の刃 #Amazon #楽天 #楽天ROOM🌈 鬼滅の刃 胡蝶しのぶ 1/8 完成品フィギュア 【予約2021/9月発売】アルター [楽天] https://t.co/n0Zk6BFx1Y #rakuafl https://t.co/TCVjSavl8a",1.3114256678970204e+18
28,2020-09-30 21:59:09,hidesan_tv,"#おすすめ #売れ筋 #ベストセラー #子供,#プレゼント #おもちゃ #ゲーム #フィギュア #仮面ライダー #ガンダム #鬼滅の刃 #Amazon #楽天 #楽天ROOM🌈 送料無料◆バンダイスピリッツ NXEDGE STYLE [MASHIN UNIT] 幻神丸 フィギュア （ZE61953） [楽天] https://t.co/vr5xtQHOnc #rakuafl https://t.co/HpniuPFA6F",1.3114253777727939e+18
29,2020-09-30 21:58:01,AmazonCoin_io,"AmazonCoin ⬇
$AMA ➡ $0,0179

👉👉 https://t.co/GydSZXKIno 🌿

#amazoncoin #amazon #nature #decentralized #green #cryptocurrencies #cryptocurrency #crypto #defi #dex #cryptonews #ethereum #ether #eth #blockchain #coin #token #ico #tokensale #startup #bitcoin  #btc $BTC $ETH https://t.co/NH4PLfIqMB",1.3114250922498458e+18
30,2020-09-30 21:57:38,hidesan_tv,"#おすすめ #売れ筋 #ベストセラー #子供,#プレゼント #おもちゃ #ゲーム #フィギュア #仮面ライダー #ガンダム #鬼滅の刃 #Amazon #楽天 #楽天ROOM🌈 【限定販売】Precious G.E.M.シリーズ デジモンアドベンチャー メタルグレイモン 完成品フィギュア[メガ… [楽天] https://t.co/w3tRMlv9Fw #rakuafl https://t.co/HXozsTspUq",1.3114249955794493e+18
31,2020-09-30 21:59:20,touhidu_tou,"Hi dear,
I like and love graphic design. I work with graphic design very sincerely.
=== My awesome Service This gig ===
Checkout : https://t.co/Qo83z4XWTV 
#BackgroundRemoval #Color_correction #Amazon
#photoshop #photographer #photo",1.3114254229748285e+18
32,2020-09-30 22:00:22,shinchaku,【発売日：2020/09/10】【小説24巻】本好きの下剋上～司書になるためには手段を選んでいられません～第五部「女神の化身III」 (TOブックスラノベ)  https://t.co/yRwWbIF15L #amazon,1.3114256823381893e+18
33,2020-09-30 22:00:01,BaratoDeVerdad,"📱 ¡El #GalaxyS10Lite por SÓLO 439 💶!

Es un GENIAL móvil con:

Super AMOLED 6,7"" 2.400x1.080
#Snapdragon 855
8GB + 128GB
Triple cámara trasera 48 mp
Lector de huellas en pantalla
4.500mAh carga ¡45W!

🌐 De #Samsung

📦 Envío #gratis en #Amazon

AQUÍ 🔗 https://t.co/KKu4YIIoxd https://t.co/zoXsZcfS4w",1.3114255927309435e+18
34,2020-09-30 21:59:34,kakicchysmusic6,https://t.co/MaMFRamliO: In the Evening: kakicchysmusic: MP3 Downloads https://t.co/OorsutrQE2 #Amazon #Prime,1.311425482701693e+18
35,2020-09-30 22:00:21,rakten_kaden_,"10/01 07:00

パナソニック【Panasonic】ラムダッシュ用交
【楽天】5401円
【Amazon】5555円

★楽天で購入すると★
 154円 お得（お得率3％）

↓お得な情報を一覧で確認出来るサイト
https://t.co/kMQYxgL6Rh

#楽天市場 #Amazon #お得 #せどり https://t.co/v2Ez0JaPbT",1.311425679301333e+18
36,2020-09-30 21:58:16,hidesan_tv,"#おすすめ #売れ筋 #ベストセラー #子供,#プレゼント #おもちゃ #ゲーム #フィギュア #仮面ライダー #ガンダム #鬼滅の刃 #Amazon #楽天 #楽天ROOM🌈 【10月予約】ディズニー ツイステッドワンダーランド カプセル缶バッジコレクション vol.3 全11種 - 全11… [楽天] https://t.co/cZyjqtivRl #rakuafl https://t.co/3b1uZD1cqN",1.3114251559067197e+18
37,2020-09-30 21:57:28,hidesan_tv,"#おすすめ #売れ筋 #ベストセラー #子供,#プレゼント #おもちゃ #ゲーム #フィギュア #仮面ライダー #ガンダム #鬼滅の刃 #Amazon #楽天 #楽天ROOM🌈 マジック：ザ・ギャザリング ゼンディカーの夜明け コレクター・ブースターパック 日本語版 BOX[Wizards … [楽天] https://t.co/N5asVjWD5V #rakuafl https://t.co/TB9YCKdUJx",1.3114249510317425e+18
38,2020-09-30 21:58:28,hidesan_tv,"#おすすめ #売れ筋 #ベストセラー #子供,#プレゼント #おもちゃ #ゲーム #フィギュア #仮面ライダー #ガンダム #鬼滅の刃 #Amazon #楽天 #楽天ROOM🌈 【予約前日発送】[カートン][TCG]デジモンカードゲーム ブースター ver.4.0 GREAT LEGEND(グレイトレジェ… [楽天] https://t.co/5Q5hEC3QGS #rakuafl https://t.co/Rzwl0L6ixs",1.3114252057770435e+18
39,2020-09-30 22:00:15,DeadEnds1,"Tired of plain paranormal protagonists? Check out a girl who's part ghoul! Coming in October is the sequel to Dead Ends,  so get to know her now, before things start to get hairy and scary, again. #fantasy #rt  https://t.co/cOUjgknPDq Dead Ends by Christina Fulton #amazon https://t.co/AJ8ARQ7ETm",1.3114256536910316e+18
40,2020-09-30 21:57:50,hidesan_tv,"#おすすめ #売れ筋 #ベストセラー #子供,#プレゼント #おもちゃ #ゲーム #フィギュア #仮面ライダー #ガンダム #鬼滅の刃 #Amazon #楽天 #楽天ROOM🌈 聖闘士聖衣神話EX スコーピオンミロ（神聖衣） （20200619予約開始） [楽天] https://t.co/0BUj2NeMoo #rakuafl https://t.co/oBpC88bUzI",1.311425043222524e+18
41,2020-09-30 22:00:21,shinchaku,【発売日：2020/09/18】ゴールデンカムイ 23 (ヤングジャンプコミックス)  https://t.co/57nLtqoq5Q #amazon,1.31142567795089e+18
42,2020-09-30 22:00:15,BradPorcellato,Are you a trained forklift operator interested in training others in your community? Many #entrepreneurs just like you rely on our curriculum's. Available from #Amazon in print and #Kindle edition. Learn more here… https://t.co/NFx4FMIRtw,1.3114256529863844e+18
43,2020-09-30 22:00:10,dealnarwhal,The FarShot $39.99 https://t.co/0SRzw7D9CB at #Amazon https://t.co/kknYxHcxEn,1.3114256327908106e+18
44,2020-09-30 21:56:48,CoolDealCA,"💲💰
Skechers Women's GO Walk SMART...
Reduced from $60.00 to $25.20

# #Deals #new #Deals #Amazon  #Deal #ganga

 https://t.co/WIRw4GrS6B https://t.co/JQHgwM1pTy",1.3114247865145385e+18
45,2020-09-30 22:00:01,yuki_nagase,"【デスメタル】ベスト10
デトロイト・メタル・シティ
https://t.co/ucGm9E63QU #Amazon",1.311425592546394e+18
46,2020-09-30 22:00:18,buybooks_amazon,#BestBooks #Amazon #Novel : YOUR HEART IS A MUSCLE THE SIZE OF A FIST --&gt; https://t.co/UaAPdkjO82,1.3114256648771748e+18
47,2020-09-30 21:59:44,hidesan_tv,"#おすすめ #売れ筋 #ベストセラー #子供,#プレゼント #おもちゃ #ゲーム #フィギュア #仮面ライダー #ガンダム #鬼滅の刃 #Amazon #楽天 #楽天ROOM🌈 【あみあみ限定特典】ライザのアトリエ 常闇の女王と秘密の隠れ家 ライザ(ライザリン・シュタウト) 1/7[W… [楽天] https://t.co/zgIkWbCAGB #rakuafl https://t.co/O9nyafydYB",1.3114255244854272e+18
48,2020-09-30 22:00:06,yuki_nagase,"【デスメタル】ベスト10
デスメタルチャイナ: 中国メタル大全 (世界過激音楽)
https://t.co/tZ871ihzKX #Amazon",1.3114256147216384e+18
49,2020-09-30 21:59:32,Charlie_Cawood,"M.O - Who Do You Think Of? #bigtimeradio https://t.co/N76xPoatRr @Charlie_Cawood @BigTimeRadio1 @bigtime_news
 on #Amazon Echo &amp; App https://t.co/c7cZfm4MQo  #Top40 #Music 247 #Worldwide 3 #Radio #Stations 43 #Countries #Interviews #Billboard https://t.co/JiPHr6jZyC  #SUBMI",1.3114254714149683e+18
,date,screen_name,tweet,tweet_id
0,2020-09-30 21:50:19,hidesan_tv,#おすすめ #売れ筋 #ベストセラー #マスク #消毒 #体温計 #うがい薬 #防犯 #防災 #新型コロナウイルス #熱中症 #Amazon #楽天 #楽天ROOM🌈 ★おまけ付★一本につき600円★楽天1位★ 【日本製】 12本セット アルコールハンドジェル 500ml【即納】送料無料 ハ… [楽天] https://t.co/cUk002YVJK #rakuafl https://t.co/1vcBvRFgdq,1.311423151822127e+18
1,2020-09-30 21:49:17,vamoschollos,"Y si lo que quieres es un altavoz inteligente, tienes el #alexa #echodot de 3ª generación por 39,99€ también en #amazon:

https://t.co/MPMfvWaUSJ",1.311422894933762e+18
2,2020-09-30 21:52:04,mondofferte,"#amazon 🇮🇹📍 
Robomow RX12U #Rasaerba, Verde, 100 W, 240 V, 250 mq

💰 A soli 459,00€ invece di 779,60€ (-41%)

🔎 https://t.co/gJgeOLEIgp

🚚 Venduto e spedito da Amazon https://t.co/u27iVF9LCB",1.311423594971517e+18
3,2020-09-30 21:53:59,mtguitar1111,https://t.co/SuO2IWljAN OakIsland album now streaming #ITunes #Spotify #Googleplay #Amazon #Tidal #Guitar #Guitars #guitarriff #Trending #Guitarist  #shredguitar #Ibanez #guitarplayer #Guitarsolo #guitarsdaily #Metal #guitarworld #USA #Satriani #Yngwie #EVH #guitarpedals #USA,1.3114240760077353e+18
4,2020-09-30 21:47:13,HappyGamerWeb,"#Twitch Introduces Soundtrack Creator Tool For Copyrights-free Music, Waitlist Beta Now Available https://t.co/TYcAWAK2CY 
Games News #Amazon #Gaming https://t.co/PaAuX3JAWy",1.3114223746219663e+18
5,2020-09-30 21:49:25,MEGACompuTech,#megacomputech #Reparaciondecomputadoras #Amazon #kindleamazon #microsoldering #Philadelphia #Philly #PA #puertodecarga #tabletrepair #microsoldadura chargingport #reparaciondecelulares #reparaciondetabletas https://t.co/OioAaIsmND,1.311422927607337e+18
6,2020-09-30 21:55:18,ElidaSkinCare,Retinol Cream with Hyaluronic Acid Vitamins #elidaskincare #amazon #skincare #skincareroutine #naturalskincare #organicskincare #skincareproducts #skin #moisturizer #antiwrinkle #antiaging #retinol #cream #hyaluronicacid #jojobaoil #organic #naturalbeauty https://t.co/SEH0aS8W2T https://t.co/L9tovfbdqS,1.3114244070013338e+18
7,2020-09-30 21:50:03,MacClassifieds,"2020 6-Core #Apple #Mac mini for $1049 at #Amazon, $50 off. Free ship: https://t.co/yrEbkte22r",1.3114230875152425e+18
8,2020-09-30 21:55:37,hidesan_tv,#プレゼント #おもちゃ #ゲーム #フィギュア #ブレイブボード #エヴァっち #きめつたまごっち #Amazon #楽天 #楽天ROOM🌈 きめつたまごっち きさつたいっちカラー BANDAI バンダイ　鬼滅の刃　きめつのやいば　キメツノヤイバ 毀滅 [楽天] https://t.co/VFbAXfKO4F #rakuafl https://t.co/LUYKPPBcB2,1.3114244877079306e+18
9,2020-09-30 21:51:27,mondofferte,"#amazon 🇮🇹
📍 #BLACKDECKER FSMH13E5-QS #Lavapavimenti a vapore STEAM-MOP 5 in 1, 1300 W

💰 A soli 57,99€ invece di 69,90€ (-17%)

🔎 https://t.co/C0DBbaW5E7

🚚 Venduto e spedito da Amazon https://t.co/dxygTjEr5b",1.311423438557524e+18
10,2020-09-30 21:50:20,rakten_kaden_,"10/01 06:50

ルルド リフトケア AX-HXL1810 ヘッド 
【楽天】9800円
【Amazon】11680円

★楽天で購入すると★
 1880円 お得（お得率19％）

↓お得な情報を一覧で確認出来るサイト
https://t.co/kMQYxgL6Rh

#楽天市場 #Amazon #お得 #せどり https://t.co/ZcPCGgd9t6",1.3114231593299108e+18
11,2020-09-30 21:51:54,hidesan_tv,#おすすめ #売れ筋 #ベストセラー #マスク #消毒 #体温計 #うがい薬 #防犯 #防災 #新型コロナウイルス #熱中症 #Amazon #楽天 #楽天ROOM🌈 防災セット SHELTER 2人用【納期15〜30営業日(土日祝日除く)】防災士監修72時間を生き抜く防災グッズ】 災害対策 防… [楽天] https://t.co/dGIJzE2lwX #rakuafl https://t.co/7C1F1XNfOq,1.311423552646652e+18
12,2020-09-30 21:54:41,hidesan_tv,#プレゼント #おもちゃ #ゲーム #フィギュア #ブレイブボード #エヴァっち #きめつたまごっち #Amazon #楽天 #楽天ROOM🌈 汎用卵型決戦兵器 エヴァっち　3種類セット　試験初号機モデル　アスカモデル　レイモデル [楽天] https://t.co/y925s2pztI #rakuafl https://t.co/6WXkCNVfm5,1.3114242529401733e+18
13,2020-09-30 21:51:04,gj_harman,The key foreign policy takeaways from last night were that if Biden is elected he will rejoin the #ParisAgreement &amp; incentivise #Brazil to manage fires in the #Amazon through US funds and/or sanctions. Is Biden's plan a new #GreenNewDeal ? https://t.co/Bd0EEbIInq,1.3114233424156754e+18
14,2020-09-30 21:48:18,amazonunion2019,"10/月中旬に2組合員の団体交渉が決まりました。2人の労働問題について話し合います。うち1人は6ヶ月以上会社に団交拒否をされ、やっと受諾されました。会社の誠実な対応を期待します。
#Amazon
#アマゾン
#パワハラ
#コーチングプラン
＃PIP
#労働組合
#ハラスメント",1.3114226479856026e+18
15,2020-09-30 21:55:51,hidesan_tv,#プレゼント #おもちゃ #ゲーム #フィギュア #ブレイブボード #エヴァっち #きめつたまごっち #Amazon #楽天 #楽天ROOM🌈 予約商品!10/1よりクーポンあり！きめつたまごっち!たんじろうっちカラーねずこっちカラー 2種セット 10月下旬入荷予定 [楽天] https://t.co/2wYWocRw0g #rakuafl https://t.co/0848MhTYQU,1.3114245457738998e+18
16,2020-09-30 21:51:04,XperienceDope,"Blasting Trinidad James - Playlist right now on Pretty Dope Xperience Radio aka #BlackPandora

listen now and catch a wave!! https://t.co/VqKFopeoex  #nowplaying #np #RT  #NowStreaming #Streema Download Now #Alexa #GooglePlay #iOSAppStore #Amazon #",1.311423343124525e+18
17,2020-09-30 21:50:46,Inno_Trends,State of the Cloud Report 2020 von Flexera – Aktuelle Zahlen zur Cloud-Nutzung in Unternehmen https://t.co/MV6GiyA9Tt #Azure #DigitaleTransformation #Cloud #PaaS #SaaS #AWS #Microsoft #Digitalisierung #GoogleCloud #Amazon #Studie #Trendstudie #IaaS #Coronavirus,1.3114232681051382e+18
18,2020-09-30 21:55:16,hidesan_tv,#プレゼント #おもちゃ #ゲーム #フィギュア #ブレイブボード #エヴァっち #きめつたまごっち #Amazon #楽天 #楽天ROOM🌈 【予約】きめつたまごっち たんじろうっちカラー [楽天] https://t.co/i2UdaRFZNN #rakuafl https://t.co/gqSUO40yIz,1.3114243983608996e+18
19,2020-09-30 21:50:38,hidesan_tv,#おすすめ #売れ筋 #ベストセラー #マスク #消毒 #体温計 #うがい薬 #防犯 #防災 #新型コロナウイルス #熱中症 #Amazon #楽天 #楽天ROOM🌈 本日限定価格 即納 体温計 非接触 在庫あり 非接触体温計 非接触型体温計 温度計 非接触温度計 非接触型温度計 検温… [楽天] https://t.co/sKMbdU5LEs #rakuafl https://t.co/Uj5KHR4RUe,1.3114232345086812e+18
20,2020-09-30 21:47:10,zumi_omo,"Amazonが手のひらをかざすと本人確認の認証が終わるシステムを開発。
Amazonのビジネスはモール、AWSをはじめとして「システム」を作ることでマーケットを一気に奪取する。
仕組みを作るところが1番強いなー…
#ずみ考 #Amazon",1.3114223616739533e+18
21,2020-09-30 21:55:02,alaa_express,Winter Casual Faux Fur Coat Women Fashion Vintage Slim Long Sleeve Coat Solid Warm Female Fur Jacket casaco feminino 👉https://t.co/oo2ukwymLd👈 #dubai #usa #sales #offer #amazon #ebay #alixpress #fashion #style #saudi https://t.co/e0c473PeS4,1.3114243419181916e+18
22,2020-09-30 21:47:38,XperienceDope,"Blasting Young Goldie - Stunting (Club) right now on Pretty Dope Xperience Radio aka #BlackPandora

listen now and catch a wave!! https://t.co/VqKFopeoex  #nowplaying #np #RT  #NowStreaming #Streema Download Now #Alexa #GooglePlay #iOSAppStore #Amazon #",1.3114224792614134e+18
23,2020-09-30 21:53:32,hidesan_tv,#おすすめ #売れ筋 #ベストセラー #ヘッドセット #ウェブカメラ #スピーカーフォン #テレワーク #在宅勤務 #テレビ会議 #Amazon #楽天 #楽天ROOM🌈 Anker PowerConf (会議用 Bluetooth スピーカーフォン)【 全指向性マイク/エコーキャンセリング/ノイズキャ… [楽天] https://t.co/MV0XG0VSDc #rakuafl https://t.co/dRyFt0gMKX,1.3114239615283692e+18
24,2020-09-30 21:55:06,decodeVeronika,Can you imagine my first order from #Amazon  happened when the lockdown started? 😳  I love it already... I don’t know if that is a good or bad thing... lol,1.3114243585738015e+18
25,2020-09-30 21:54:09,hidesan_tv,#プレゼント #おもちゃ #ゲーム #フィギュア #ブレイブボード #エヴァっち #きめつたまごっち #Amazon #楽天 #楽天ROOM🌈 【新品/在庫あり】[バンダイ] たまごっち 汎用卵型決戦兵器 エヴァっち 試験初号機モデル [楽天] https://t.co/8kFnjKMgHM #rakuafl https://t.co/F0B2XkIzCa,1.3114241196913746e+18
26,2020-09-30 21:53:08,hidesan_tv,#おすすめ #売れ筋 #ベストセラー #ヘッドセット #ウェブカメラ #スピーカーフォン #テレワーク #在宅勤務 #テレビ会議 #Amazon #楽天 #楽天ROOM🌈 【10/1まで！ポイント10倍】【2K超高画質 OV4689 センサー】【楽天1位】 ウェブカメラ マイク 2K超高画質 w… [楽天] https://t.co/a0BBriX1Vv #rakuafl https://t.co/Q6GqEvTutG,1.3114238637465108e+18
27,2020-09-30 21:54:21,hidesan_tv,#プレゼント #おもちゃ #ゲーム #フィギュア #ブレイブボード #エヴァっち #きめつたまごっち #Amazon #楽天 #楽天ROOM🌈 汎用卵型決戦兵器 エヴァっち レイモデル [楽天] https://t.co/a0mKv2coyJ #rakuafl https://t.co/nUsGOmkT7S,1.311424166562726e+18
28,2020-09-30 21:51:17,hidesan_tv,#おすすめ #売れ筋 #ベストセラー #マスク #消毒 #体温計 #うがい薬 #防犯 #防災 #新型コロナウイルス #熱中症 #Amazon #楽天 #楽天ROOM🌈 ストッパレッド3070 非毒性 非刺激 防犯スプレー スプレーマーカー メース 防犯 護身 女性 防犯グッズ 護身 護身用… [楽天] https://t.co/0KkpbNKCZS #rakuafl https://t.co/FpCr5c4kHP,1.3114233983675228e+18
29,2020-09-30 21:48:41,elsuperchollo,"Esto es la 💣 #Amazon 

Roxy - Printed Beach Classics - Conjunto de Bikini Tiki Tri para Mujer ERJX203383 

⬇⬇⬇ Bajón del 47% 

💵 Precio desde 26,67 EUR

🔰 Enlace: https://t.co/5QM2JsUUh7 

🌐 https://t.co/ioe1TltpnW https://t.co/tdKCgQ6Cj9",1.3114227440101294e+18
30,2020-09-30 21:47:31,vamoschollos,"Gran descuento también en el altavoz portátil Tronsmart Groove, impermeable y con hasta 24h de reproducción, ahora en #amazon por sólo 26,34€:

https://t.co/w4VrsYMfsN https://t.co/g5pBMOM7U2",1.3114224495238513e+18
31,2020-09-30 21:47:49,giveawaysboard,"Last Chance! Would you like to win a $50 Amazon Gift Card or PayPal Deposit? Check out this easy entry Gleam giveaway for a chance to #WIN

Open Worldwide

@GooseGiveaways #wingiftcard #wincash #amazon #paypal #winmoney #sweepstakes #giveaways https://t.co/LswItqAGKT",1.3114225247025684e+18
32,2020-09-30 21:55:21,rakten_kaden_,"10/01 06:55

パナソニック【Panasonic】ラムダッシュ用交
【楽天】5401円
【Amazon】5555円

★楽天で購入すると★
 154円 お得（お得率3％）

↓お得な情報を一覧で確認出来るサイト
https://t.co/kMQYxgL6Rh

#楽天市場 #Amazon #お得 #せどり https://t.co/4M37pwT0K1",1.3114244193953341e+18
33,2020-09-30 21:55:52,ZTt615n,"@HarukiKai0628 @anpan_kaz ほんの少し幸せのお裾分けを🤗🤲

Amazonほしい物リストを一緒に編集しましょう https://t.co/4ypdWNHldU #Amazon",1.3114245489322107e+18
34,2020-09-30 21:51:01,hidesan_tv,#おすすめ #売れ筋 #ベストセラー #マスク #消毒 #体温計 #うがい薬 #防犯 #防災 #新型コロナウイルス #熱中症 #Amazon #楽天 #楽天ROOM🌈 【店内全品ポイント5倍 10/1迄】昭和CPうがい薬 300ml【昭和製薬】※お一人様3本まで [楽天] https://t.co/1DVVipcvV4 #rakuafl https://t.co/ImDuSf9OPM,1.3114233314222817e+18
35,2020-09-30 21:49:26,juditgcuesta,"Cuando te mandan un regalo por @AmazonNewsES pero la nota que te viene y es de otra persona.
Lástima la persona que reciba la licorera de Cristal con vasos calavera sin su nota. 
Mi regalo era un libro 🥰 “Sangre, sudor y píxeles”
#Amazon #cosasquepasan https://t.co/2L24oCzzjZ",1.3114229291551089e+18
36,2020-09-30 21:47:32,GIJACHONTE,"‍ 💥 PRECIAZO  #Amazon | #Electrónica

✅ Logitech G Auriculares con Micrófono Inalámbricos Logitech G733 para Gaming con Diadema con Suspensión, Lightspeed, RGB Lightsync, Tecnología Micrófono Blue VO!CE
🔥 PRECIO OFERTA: 103,61€ 🔥
🚫 PVP: 155,00€
💳 https://t.co/Qx9r7bACwW",1.3114224526107976e+18
37,2020-09-30 21:49:27,creativemm12,"👉https://t.co/Lc7uRfjZff #amazon👈
💯👉Auto Follower👈💯
💯👉#自動相互フォロー👈💯

#TeamFollowback
#Palantir
#Donald #Trump #Jr
#Hugh #Jackman
#相互フォロー100
#autofollower
#FollowBack
#固定ツイートRT
#TeamFollowback
#拡散希望RTお願いします
#bts
#seventeen",1.3114229373883802e+18
38,2020-09-30 21:49:36,HomerGlick,"Coming (relatively) soon (Dec. 1 pub date) to a bookstore near you. @judybloom #civilwar #keywest Here is the #amazon preview link, where you can take a peek inside: https://t.co/vINCZi2Wl3 https://t.co/E95v9rtS1S",1.3114229719285555e+18
39,2020-09-30 21:51:36,hidesan_tv,#おすすめ #売れ筋 #ベストセラー #マスク #消毒 #体温計 #うがい薬 #防犯 #防災 #新型コロナウイルス #熱中症 #Amazon #楽天 #楽天ROOM🌈 防犯カメラ 屋外 ソーラー 太陽光 充電 トレイルカメラ ワイヤレス 電池式 監視 防水 防塵 人感センサー 動体検知 … [楽天] https://t.co/gC6dR4cD1b #rakuafl https://t.co/An0FdVwYqj,1.3114234775434404e+18
40,2020-09-30 21:54:18,lafvYvnOxwjpkCf,ベテルギフトで購入したアマゾンギフト券がAmazonから詐欺等の不正な方法によって入手されたギフト券と言われ、全額没収されました。ベテルギフトからも1円も返金されません。#ベテルギフト #beterugift #Amazon #Amazonギフト券,1.3114241547347845e+18
41,2020-09-30 21:54:22,XperienceDope,"Blasting Young Scooter, Lil Baby - Petty (Club) right now on Pretty Dope Xperience Radio aka #BlackPandora

listen now and catch a wave!! https://t.co/VqKFopeoex  #nowplaying #np #RT  #NowStreaming #Streema Download Now #Alexa #GooglePlay #iOSAppStore #Amazon #",1.3114241745530266e+18
42,2020-09-30 21:48:28,BenGFrank,"Follow up.  #NagornoKarabakh conflict!  #Erdogan #Turkey challenging  #Putin #Russia. Pick up a copy of #KlarasWar and #ATravelGuidetoJewishEurope, 4th ed. Order now. Wherever books are sold. #amazon, #barnesandnoble.    turkey-involvement-could-be-russia-nightmare/30866702.html https://t.co/VozK6Mafrk",1.3114226867158753e+18
43,2020-09-30 21:49:58,MEGACompuTech,#megacomputech #Reparaciondecomputadoras #Amazon #kindleamazon #microsoldering #Philadelphia #Philly #PA #puertodecarga #tabletrepair #microsoldadura chargingport #reparaciondecelulares #reparaciondetabletas https://t.co/kWdXrjCO8s,1.3114230654490255e+18
44,2020-09-30 21:50:14,latte_milkshiba,Amazonでダウンロード版購入できた！！#Amazon #ff14 #PULSE https://t.co/dabYF0PuXy,1.3114231315720274e+18
45,2020-09-30 21:49:54,hidesan_tv,#おすすめ #売れ筋 #ベストセラー #マスク #消毒 #体温計 #うがい薬 #防犯 #防災 #新型コロナウイルス #熱中症 #Amazon #楽天 #楽天ROOM🌈 【数量限定価格】【高品質不織布マスク】マスク 50枚+1枚 在庫あり 耳が痛くならない 不織布マスク 使い捨てマスク … [楽天] https://t.co/jBipQOxLPt #rakuafl https://t.co/oFfNV0NY2t,1.3114230468345037e+18
46,2020-09-30 21:55:25,hidesan_tv,#プレゼント #おもちゃ #ゲーム #フィギュア #ブレイブボード #エヴァっち #きめつたまごっち #Amazon #楽天 #楽天ROOM🌈 きめつたまごっち ねずこっちカラー BANDAI　バンダイ　鬼滅の刃　きめつのやいば　キメツノヤイバ 毀滅 [楽天] https://t.co/tQmTuLWKmF #rakuafl https://t.co/XlKHo2QxCn,1.3114244371791503e+18
47,2020-09-30 21:54:30,hidesan_tv,#プレゼント #おもちゃ #ゲーム #フィギュア #ブレイブボード #エヴァっち #きめつたまごっち #Amazon #楽天 #楽天ROOM🌈 バンダイ 汎用卵型決戦兵器 エヴァっち 弐号機カラー [楽天] https://t.co/vnP2U7Tiy0 #rakuafl https://t.co/mTpE1nkJZO,1.3114242061233562e+18
48,2020-09-30 21:52:42,hidesan_tv,#おすすめ #売れ筋 #ベストセラー #ヘッドセット #ウェブカメラ #スピーカーフォン #テレワーク #在宅勤務 #テレビ会議 #Amazon #楽天 #楽天ROOM🌈 【1日限定★最大1000円OFFクーポン配布中】ヘッドセット 両耳 ヘッドホン マイク付き USB接続 テレワーク Z… [楽天] https://t.co/ycDqVQiTUF #rakuafl https://t.co/wOVzy9QvH3,1.311423753146966e+18
49,2020-09-30 21:50:02,iPadDealz,"#Apple #AirPods Pro  for $219 at #Amazon, $30 off MSRP: https://t.co/APfWwP2IKH",1.3114230834173993e+18
,date,screen_name,tweet,tweet_id
0,2020-09-30 21:43:28,ArtBijou_,#Amazon #AmazonWishList #AmazonPrimeDay #Amazing #jewelry #handmade #USA #onlineshopping #shopping #fashionable #womensfashion #gift #gifts #giftidea #giftsforher #handmadejewelry #handmadegifts #handmadejewellery #handmadeearrings #earrings #ring #beauty https://t.co/hUcyL67ATe,1.311421430358315e+18
1,2020-09-30 21:44:30,CulturapopJ,SPIN-OFF DE “THE BOYZ” JÁ ESTÁ EM DESENVOLVIMENTO PELA AMAZON https://t.co/khydbyu0qe via @fatosdoiguacu #Amazon #PrimeVideo #theboyz,1.3114216884086743e+18
2,2020-09-30 21:43:14,ironspike89,"Seit dem #Amazon die neuen Geräte Angekündigt hat, funktioniert mein Fire TV Stick nicht mehr richtig! Hormon geladene als meine schwangere Lebensabschnittsgefährtin
#ATV Firetv #Schwanger #Papa",1.3114213725272678e+18
3,2020-09-30 21:40:41,ArtBijou_,#Amazon #AmazonWishList #AmazonPrimeDay #Amazing #jewelry #handmade #USA #onlineshopping #shopping #fashionable #womensfashion #gift #gifts #giftidea #giftsforher #handmadejewelry #handmadegifts #handmadejewellery #handmadeearrings #earrings #ring #beauty  https://t.co/lSfUQVxuKk,1.3114207277327032e+18
4,2020-09-30 21:46:27,LorraineAuthor,#France #FranceRelance #dordogne #Paris #retiretofrance #amazon #ebook #relocate https://t.co/Cy5exlJicO https://t.co/9NGBd6Edwr #choosefrance,1.3114221810841928e+18
5,2020-09-30 21:43:11,FanFamicom,"Last Chance! Would you like to win a $50 Amazon Gift Card or PayPal Deposit? Check out this easy entry Gleam giveaway for a chance to #WIN

Open Worldwide

@GooseGiveaways #wingiftcard #wincash #amazon #paypal #winmoney #sweepstakes #giveaways https://t.co/HRMvG2uUKt",1.311421360024023e+18
6,2020-09-30 21:40:20,rakten_kaden_,"10/01 06:40

洗濯機 5kg 一人暮らし洗濯機 小型 全自動洗濯
【楽天】20980円
【Amazon】22500円

★楽天で購入すると★
 1520円 お得（お得率7％）

↓お得な情報を一覧で確認出来るサイト
https://t.co/kMQYxgL6Rh

#楽天市場 #Amazon #お得 #せどり https://t.co/ngd99nzUmh",1.3114206394928046e+18
7,2020-09-30 21:41:13,ArtBijou_,#Amazon #AmazonWishList #AmazonPrimeDay #Amazing #jewelry #handmade #USA #onlineshopping #shopping #fashionable #womensfashion #gift #gifts #giftidea #giftsforher #handmadejewelry #handmadegifts #handmadejewellery #handmadeearrings #earrings #ring #beauty https://t.co/pF6ULjxgMt,1.311420864034939e+18
8,2020-09-30 21:40:21,creativemm12,"&lt;Current Weather&gt;
Dallas
Temperature: 90.91°F/ Status: clear
👉https://t.co/PuJzUEVplu #amazon👈
💯👉Auto Follower👈💯
💯👉#自動相互フォロー👈💯

#FollowNGain
#Disney
#Donald #Trump #Jr
#Hugh #Jackman
#相互フォロー100
#相互RT
#固定ツイートRT
#フォ",1.3114206434773524e+18
9,2020-09-30 21:42:04,ArtBijou_,#Amazon #AmazonWishList #AmazonPrimeDay #Amazing #jewelry #handmade #USA #onlineshopping #shopping #fashionable #womensfashion #gift #gifts #giftidea #giftsforher #handmadejewelry #handmadegifts #handmadejewellery #handmadeearrings #earrings #ring #beauty  https://t.co/TbVC6iwb5I,1.311421079056003e+18
10,2020-09-30 21:42:37,DerMotzmichel,"PPS: I am so looking into getting me a #Amazon #FireTVCube and install the official Apple TV App on it. Remote Control with fuckin buttons AND a voice assistant that can actually do stuff! You're losing it, #Apple ...",1.3114212155638129e+18
11,2020-09-30 21:43:12,ArtBijou_,#Amazon #AmazonWishList #AmazonPrimeDay #Amazing #jewelry #handmade #USA #onlineshopping #shopping #fashionable #womensfashion #gift #gifts #giftidea #giftsforher #handmadejewelry #handmadegifts #handmadejewellery #handmadeearrings #earrings #ring #beauty  https://t.co/DdDK8EyQaj,1.3114213631613583e+18
12,2020-09-30 21:44:43,Charlie_Cawood,"Sigma - Cry #bigtimeradio https://t.co/N76xPoatRr @Charlie_Cawood @BigTimeRadio1 @bigtime_news
 on #Amazon Echo &amp; App https://t.co/c7cZfm4MQo  #Top40 #Music 247 #Worldwide 3 #Radio #Stations 43 #Countries #Interviews #Billboard https://t.co/JiPHr6jZyC  #SUBMI",1.3114217436182405e+18
13,2020-09-30 21:43:16,lewistheprof,#amazon #fire #7” #tablet ⁦@eBay_UK⁩  https://t.co/gHNUvARoLG,1.3114213813142528e+18
14,2020-09-30 21:40:59,SecPlusClasses,"Building a Better Cloud: How to Become an AWS Solution Architect 

https://t.co/0GyIqLDgnI

#aws #amazon #cloudcomputing #cloudservices",1.3114208061158482e+18
15,2020-09-30 21:46:50,creativemm12,"👉https://t.co/38uS0Xg0is #amazon👈
💯👉Auto Follower👈💯
💯👉#自動相互フォロー👈💯

#followergenerator
#ABC #news
#NPR
#Hugh #Jackman
#TeamFollowBack
#TFW
#固定ツイートRT
#固定RT
#FollowBack
#相互RT
#TFB
#相互リツイート",1.3114222774523576e+18
16,2020-09-30 21:45:11,vamoschollos,"Descuentazo de más de 11€ en este altavoz JBL GO 2, inalámbrico, resistente al agua y con gran variedad de colores! 23,90€ en #amazon

https://t.co/XDWlFVzsiN https://t.co/zjPIReez7Z",1.3114218596368384e+18
17,2020-09-30 21:40:24,AOrozcoGuerrero,"🔄 @Marie_N_Vianco
🗣
Enamórate con las historias cien por cien #rómantica de #LosPequeñosRomances
📕
Ya en #Amazon #kindle #kindleunlimited y #papel
#PremioLiterario2020 
#MarieNVianco
#libros

https://t.co/A5EDPGlA1w https://t.co/lQNmY4k4lI",1.3114206563708027e+18
18,2020-09-30 21:43:42,ArtBijou_,#Amazon #AmazonWishList #AmazonPrimeDay #Amazing #jewelry #handmade #USA #onlineshopping #shopping #fashionable #womensfashion #gift #gifts #giftidea #giftsforher #handmadejewelry #handmadegifts #handmadejewellery #handmadeearrings #earrings #ring #beauty https://t.co/I0LuipbJ83,1.3114214890072842e+18
19,2020-09-30 21:42:45,ArtBijou_,#Amazon #AmazonWishList #AmazonPrimeDay #Amazing #jewelry #handmade #USA #onlineshopping #shopping #fashionable #womensfashion #gift #gifts #giftidea #giftsforher #handmadejewelry #handmadegifts #handmadejewellery #handmadeearrings #earrings #ring #beauty  https://t.co/Y0yWbGchkt,1.311421248916779e+18
20,2020-09-30 21:45:20,rakten_kaden_,"10/01 06:45

ツインバード　TWINBIRD PY-E635W 
【楽天】4700円
【Amazon】6461円

★楽天で購入すると★
 1761円 お得（お得率37％）

↓お得な情報を一覧で確認出来るサイト
https://t.co/kMQYxgL6Rh

#楽天市場 #Amazon #お得 #せどり https://t.co/y9YRkuQR5z",1.3114218991596872e+18
21,2020-09-30 21:41:26,TheInStockRoom,"***New Deal***
20.1-Oz Downy Unstopables In-W...
Reduced from $20.35 to 2 for $15.35
https://t.co/9lDZbfzQxv
#Deals #newDeals #Discounts #Amazon https://t.co/kXRTKwdCFI",1.3114209197353533e+18
22,2020-09-30 21:41:33,ArtBijou_,#Amazon #AmazonWishList #AmazonPrimeDay #Amazing #jewelry #handmade #USA #onlineshopping #shopping #fashionable #womensfashion #gift #gifts #giftidea #giftsforher #handmadejewelry #handmadegifts #handmadejewellery #handmadeearrings #earrings #ring #beauty https://t.co/pfPo2929z2,1.3114209453331866e+18
23,2020-09-30 21:41:04,XperienceDope,"Blasting Rockky B Ft. TYuS,, Lex - Personal right now on Pretty Dope Xperience Radio aka #BlackPandora

listen now and catch a wave!! https://t.co/VqKFopeoex  #nowplaying #np #RT  #NowStreaming #Streema Download Now #Alexa #GooglePlay #iOSAppStore #Amazon #",1.3114208256822723e+18
24,2020-09-30 21:40:09,SolTaylorRdL,"La nueva vida de Jimena precisa de que la joven protagonista pueda dejar atrás una serie de desastrosos acontecimientos que la colocan al borde del abismo.

Enlace: https://t.co/9hydnKdbRN

#romance #kindle #KindleUnlimited #romantica #erotica #amor #eBooks #Amazon #leer #romance https://t.co/xbcC4b6I61",1.3114205965264732e+18
25,2020-09-30 21:45:00,aijounet,"AMAZON REVEALS CLOUD GAMING SERVICE LUNA

Early access will cost $5.99 a month.

https://t.co/VSdY5lFNpc

#xboxseriesx #xbox #xbox360 #release #microsoft #playstation #playstation4 #ps4 #ps5 #luna #cloudgaming #amazon #amazingaming #amazoncloud #pc https://t.co/unjJTX7sl7",1.3114218148080148e+18
26,2020-09-30 21:45:00,SandorGerendasK,"Preguntas sobre el #Carbón
Prueba tus conocimientos y responde antes de hacer clic en: https://t.co/bjiRBzLyP2 SGK-PLANET #CambioClimatico #EmergenciaClimática #MedioAmbiente #Sostenibilidad #CalentamientoGlobal #Amazon  #Contaminación #Polución https://t.co/wDEMuS7y12",1.3114218142292787e+18
27,2020-09-30 21:46:00,Barnstorm_VFX,So excited to share the title sequence Barnstorm VFX did for @utopiaonprime ! Utopia is streaming now on Amazon Prime so make sure to check it out 😎  #vfx #vfxlife #visualeffects #titlesequence #amazon #utopia https://t.co/OvPNJo4dvZ,1.3114220676449935e+18
28,2020-09-30 21:42:19,ArtBijou_,#Amazon #AmazonWishList #AmazonPrimeDay #Amazing #jewelry #handmade #USA #onlineshopping #shopping #fashionable #womensfashion #gift #gifts #giftidea #giftsforher #handmadejewelry #handmadegifts #handmadejewellery #handmadeearrings #earrings #ring #beauty  https://t.co/Mx2DItBLZg,1.3114211395084861e+18
29,2020-09-30 21:40:12,LinibethM,https://t.co/GXzyUtRepL #Amazon,1.3114206060727296e+18
30,2020-09-30 21:42:32,ArtBijou_,#Amazon #AmazonWishList #AmazonPrimeDay #Amazing #jewelry #handmade #USA #onlineshopping #shopping #fashionable #womensfashion #gift #gifts #giftidea #giftsforher #handmadejewelry #handmadegifts #handmadejewellery #handmadeearrings #earrings #ring #beauty  https://t.co/z34PsqcYBY,1.311421196668412e+18
31,2020-09-30 21:40:25,laetitiamouton1,"Ce nouvel album de James Kennedy est génial,je vous le conseille ,il est top 😍🤘😎 . 
#MakeAngerGreatAgain
Vous pouvez l'écouter sur
#Spotify
#Amazon https://t.co/EK6Fh2J1td https://t.co/IHW40cWZzQ",1.31142066254046e+18
32,2020-09-03 18:26:48,LenovoLegion,"Lenovo Legion x @PlayApex
Now is your chance to rise above the rest. 
Unmatched performance, purposeful engineering, modern design.
Gear up with a machine as savage as you are.
Stylish outside.
Savage inside.",1.301587465258578e+18
33,2020-09-30 21:41:48,ArtBijou_,#Amazon #AmazonWishList #AmazonPrimeDay #Amazing #jewelry #handmade #USA #onlineshopping #shopping #fashionable #womensfashion #gift #gifts #giftidea #giftsforher #handmadejewelry #handmadegifts #handmadejewellery #handmadeearrings #earrings #ring #beauty  https://t.co/w5riZkrFmG,1.3114210101309317e+18
34,2020-09-30 21:45:08,MarkofOdin,If you love reading #books #ScienceFiction #NordicGods #NorseMythology #Valkyries #ModernWarfare give a chance to Mark of Odin: The Awakening! Buy the paperback edition in #Amazon or get the #ebook for free! #sagas https://t.co/LAilT2Yt05,1.3114218508372787e+18
35,2020-09-30 21:47:02,elsuperchollo,"⏱ No lo dejes escapar ⏱ #Amazon 

Quiksilver - What We Do Best T-Shirt Men Camiseta de Manga Corta Hombre 

💰 Rebajado al 27% 

💵 Precio desde 14,57 EUR

🔰 Enlace: https://t.co/3oVLkbLyiW 

🌐 https://t.co/6ss6Ay4Ij8 https://t.co/OCdAT8hLYm",1.31142232703334e+18
36,2020-09-30 21:42:12,micklovesbooks,Love Speculative Fiction? #Win a Mega Book Gift Basket in this #Amazon &amp; #Goodreads #Giveaway via @sffbookbonanza: https://t.co/TSp7hQyyDs,1.3114211114275717e+18
37,2020-09-30 21:45:19,wolfanaut,"Twitch ist ein Unternehmen von Amazon? 

#wolfanaut #twitchstreamer #twitch #TwitchDE #streamer #twitchaffiliate #twitter #twitchtv #twitchcommunity #twitchclips #twitchstream #fun #acting #smallstreamer #newstreamer #amazon https://t.co/gDafMtnRmH",1.3114218969159148e+18
38,2020-09-30 21:40:53,ArtBijou_,#Amazon #AmazonWishList #AmazonPrimeDay #Amazing #jewelry #handmade #USA #onlineshopping #shopping #fashionable #womensfashion #gift #gifts #giftidea #giftsforher #handmadejewelry #handmadegifts #handmadejewellery #handmadeearrings #earrings #ring #beauty  https://t.co/pIyUfC4UPc,1.3114207811807273e+18
39,2020-09-30 21:45:06,GreenpeaceCA,"The #Amazon is being deliberately set on fire for the production of cheap meat. Yet #Canada wants to sign deal which would INCREASE meat exports from #Brazil.

Add your name #ForNature to HALT Canada-Mercosur free-trade deal  &gt; https://t.co/D0gfk7DDXZ

https://t.co/IQCxN1su5M",1.3114218394161398e+18
40,2020-09-30 21:41:48,HowzzatCO,"Planning to launch your online store/Shopify? Here is the Checklist to get it done right!
#shopify #onlinestore #ecommerce #dropshipping #seo #sellonline #amazon #shopifystore #shopifyseller #shopifydropshipping https://t.co/ykHNczEW2v",1.3114210087887626e+18
41,2020-09-30 21:43:58,ArtBijou_,#Amazon #AmazonWishList #AmazonPrimeDay #Amazing #jewelry #handmade #USA #onlineshopping #shopping #fashionable #womensfashion #gift #gifts #giftidea #giftsforher #handmadejewelry #handmadegifts #handmadejewellery #handmadeearrings #earrings #ring #beauty https://t.co/T4TnTrKvWL,1.311421554903978e+18
42,2020-09-30 21:45:12,CoolDealCA,"#iPhone Charger MFi Certified Lightning Cable 5-Pack for $8.99!!

#freebies #deals #deal #moneysaver #greatdeal #steals #discount #sale #bargain #bargainhunter #cheap #bestprice #Amazon  #Deals #giveaway #Deal #ganga

 https://t.co/dzvFWIUdpU https://t.co/lYaB8JMTpC",1.3114218673921475e+18
43,2020-09-30 21:40:26,ArtBijou_,#Amazon #AmazonWishList #AmazonPrimeDay #Amazing #jewelry #handmade #USA #onlineshopping #shopping #fashionable #womensfashion #gift #gifts #giftidea #giftsforher #handmadejewelry #handmadegifts #handmadejewellery #handmadeearrings #earrings #ring #beauty  https://t.co/yNhLuTjhyf,1.3114206675989053e+18
44,2020-09-30 21:43:00,ArtBijou_,#Amazon #AmazonWishList #AmazonPrimeDay #Amazing #jewelry #handmade #USA #onlineshopping #shopping #fashionable #womensfashion #gift #gifts #giftidea #giftsforher #handmadejewelry #handmadegifts #handmadejewellery #handmadeearrings #earrings #ring #beauty  https://t.co/CQ92NDvIa3,1.3114213109632492e+18
45,2020-09-30 21:41:33,CoolDealCA,"💲💰
20.1-Oz Downy Unstopables In-W...
Reduced from $20.35 to 2 for $15.35

# #Deals #new #Deals #Discounts #Amazon  #Deal #ganga

 https://t.co/Zt4aY5bM0O https://t.co/ueTWvBw2J6",1.3114209458993234e+18
46,2020-09-30 21:40:06,ArtBijou_,#Amazon #AmazonWishList #AmazonPrimeDay #Amazing #jewelry #handmade #USA #onlineshopping #shopping #fashionable #womensfashion #gift #gifts #giftidea #giftsforher #handmadejewelry #handmadegifts #handmadejewellery #handmadeearrings #earrings #ring #beauty  https://t.co/4Tq7n1HHaY,1.3114205844049633e+18
47,2020-09-30 21:45:25,ZanP,The Choice: Trump vs. Obama-Biden in U.S. Foreign Policy https://t.co/VJRhZHQ5nV #Amazon,1.3114219193344573e+18
48,2020-09-30 21:46:25,trease23,"I feel you God and I see what you doing #views #Amazon @ West Hollywood, California https://t.co/3EA2Z21CiX",1.3114221711940526e+18
49,2020-09-30 21:46:00,Haidji,"Book Quote: ""When the heart of one of them sped up..."" Click on  https://t.co/TTZXCIiyj4  #fairytale #reallove #heartbeat #quoteoftheday #quotes #kindleunlimited #bookquotes #read #ebook #ku  #paperback #amazon  #inspiration #haidji #goodreads #books #read #reading #BookBoost https://t.co/qQ8Gsdhsg8",1.3114220661728748e+18
,date,screen_name,tweet,tweet_id
0,2020-09-30 21:37:13,wes_log,"レビュー不要案件ご紹介ください。
ご連絡お待ちしています。

#レビュー不要
#レビュー
#レビュー募集
#無料商品
#Amazon 
#アマゾンレビュー募集
#アマゾンレビュー
#Amazonレビュー募集
#アマゾン
#レビューアー
#Amazonレビュー
#Amazonレビュー募集",1.3114198562065285e+18
1,2020-09-30 21:36:35,CoolDealCA,"💲💰
Scotts Turf Builder Grass Seed...
#New  price $12

# #Deals #new #Deals #savings #Amazon  #Deal #ganga

 https://t.co/4HAEv4meUF",1.3114196986937672e+18
2,2020-09-30 21:36:19,PCS_CLUB,"@sacca The #COVID19 #pandemic &amp; financial crisis have me thinking abt the great #Chicago 🔥 bc the city looked at the old model &amp; said: New architecture needed.

Pitch: I suggested #Amazon or smart #tech VC should venture out to all points/levels for talent. Give Y/A some hope of change",1.3114196281917071e+18
3,2020-09-30 21:36:25,chollosyoferta,"#Chollo #Amazon 24% DESCUENTO Console Nintendo Switch avec une paire de Joy Con grises

Precio oferta: 292,9
Reacondicionado: 219,68

    👇👇👇👇👇👇👇
👉 https://t.co/58hdUTN59r https://t.co/11ExQB9w8G",1.3114196559538012e+18
4,2020-09-30 21:30:55,werrafoxma,"Hearing @AidanAuthor record the #audiobook version of #euphoricrecall is an absolute privilege - an emotional rollercoaster ride on an epic scale. 

We wrap up the remaining chapters in a few days time. Go find his book on #amazon and #waterstones or direct from @GutsPublishing https://t.co/PlXiFTafzP",1.3114182720221716e+18
5,2020-09-30 21:35:22,kana_ogawa,"【ハウス】ベスト10
第1夜 「芹葉大学の夢と殺人」
https://t.co/r2iqrUBmmn #Amazon",1.3114193892378378e+18
6,2020-09-30 21:35:36,tmsl_info,"山善(YAMAZEN)のアイテムがお買い得 ...
https://t.co/ySgkxRzab2
#Amazon #タイムセール",1.3114194479580938e+18
7,2020-09-30 21:31:05,INDIEBOOKSOURCE,"https://t.co/cN1Wo4xh4y
BOOKS BY AUTHOR P.L.PARKER
#Books #IARTG #Kindle #Amazon #ReadIndie #indieauthors #ian1 #bookboost @PLParker https://t.co/AzEVK2enDL",1.311418312832811e+18
8,2020-09-30 21:33:37,FontsStylish,RT @NipuSaha10: Check out my Gig on Fiverr : #digital #trifold #bifold #brochure #businesscards #Flyer #bookcover #logo #banner #postcard #design. contact here :   https://t.co/NbUxdDA9D8 #Fiverr #graphicdesign #Amazon #100Dde #digitalmarketing #photography #altcoin,1.3114189498343547e+18
9,2020-09-30 21:33:51,Karenlocomunica,"¿Te imaginas pagar haciendo un sencillo movimiento con la mano? 

Pues Jeff Bezos sí, así que su empresa presentó ayer 
#Amazon One, un nuevo sistema de pago que escanea la palma de la mano. https://t.co/PuN85fMzbP #Tecnologia",1.311419008772698e+18
10,2020-09-30 21:33:53,Karenlocomunica,"El sistema se empezará a probar en las dos tiendas de #Amazon en Seattle, pero se espera que la tecnología tenga otros usos, por ejemplo agilizar las entradas a los estadios.",1.3114190168970076e+18
11,2020-09-30 21:31:10,elsuperchollo,"Precio de locuraaaa❗❗ #Amazon 

adidas - Core 18 Hoody - Sudadera con Capucha Niños 

⬇⬇⬇ Bajón del 34% 

💵 Precio desde 22,95 EUR

🔰 Enlace: https://t.co/S2NYUXvqHb 

🌐 https://t.co/XbIaG6lrnD https://t.co/cX8ywdrvtp",1.3114183323069071e+18
12,2020-09-30 21:34:41,elsuperchollo,"🏆Descuento de campeonato🏆 #Amazon 

Hurley - M Dri-fit Santa Cruz L/S Hood - Sudadera Hombre 

⚡️ Super descuento ⚡️ 65% 

💵 Precio desde 21,13 EUR

🔰 Enlace: https://t.co/f0DDAxo1xr 

🌐 https://t.co/JrViNw8Fl7 https://t.co/BhLLGnWssl",1.3114192210337874e+18
13,2020-09-30 21:36:37,kimura_books,"平野敦士カール (単行本 - May 30, 2008) の '1の力を10倍にする アライアンス仕事術' を Amazon でチェック！ https://t.co/vTkJuxUqPV #books #amazon",1.3114197061720105e+18
14,2020-09-30 21:35:27,kana_ogawa,"【ハウス】ベスト10
輸入住宅
https://t.co/hUpAKjILr6 #Amazon",1.3114194111404728e+18
15,2020-09-30 21:32:06,MoGalore,"on #Amazon &gt; Find Your Next Great Read
Best Books of the Month: History
https://t.co/1BjLKkrYAr",1.311418569104806e+18
16,2020-09-30 21:35:00,chollosyoferta,"#Chollo #Amazon 88% DESCUENTO Trio Ticino   Aplique exterior LED, 6 W, 500 lm, color antracita

Precio oferta: 63,88
Reacondicionado: 7,04

    👇👇👇👇👇👇👇
👉 https://t.co/NcG9P3DVM5 https://t.co/TUGLxBVPKM",1.311419298624295e+18
17,2020-09-30 21:33:59,aboomar_homs,"Spy for Nobody (English Edition) 
:ISBN 9781780585420 
is now available worldwide for purchase from #Amazon and #Google.The secrets of the #Syrian_people and the #Syrian_revolution #criminal_Assad_regime and its #intelligence_services #adventure #syrianrefugees #Syria https://t.co/NGQhG71MQp",1.3114190419957883e+18
18,2020-09-30 21:35:11,kana_ogawa,"【ハウス】ベスト10
花筐 HANAGATAMI
https://t.co/E0D5gOsmoD #Amazon",1.311419345185108e+18
19,2020-09-30 21:39:25,bmurphypointman,#amazon #amazonprime #prime #amazonspecials #specials Need to make money? Save money while shopping? Get discounts on travel? Check out my website https://t.co/vBHLD11zwQ,1.31142040991352e+18
20,2020-09-30 21:35:01,kana_ogawa,"【ハウス】ベスト10
HOUSE (ハウス)
https://t.co/D7nnob83I0 #Amazon",1.311419301295919e+18
21,2020-09-30 21:40:03,ConsciousH,"Get my #Turmeric, The #Ayurvedic #Golden #Gem #Book. This book describes #turmeric as a #culinary and #medicinal #spice, &amp; helps you understand #howto use #turmeric and get the most #benefit from it. You can get it on my #website or #Amazon #Kindle #eBooks https://t.co/Zbys7VPwDt",1.311420567854162e+18
22,2020-09-30 21:40:00,shadowconn,"""Stacey Carroll #amazon #author

See all my self-published books to date.  Most are $3.99

#fiction #thriller #kindleunlimited

""    https://t.co/R2kNUzxmLg",1.311420557355815e+18
23,2020-09-30 21:35:48,kana_ogawa,"【ハウス】ベスト10
第1シリーズ #1〜#12
https://t.co/KRGNRFdVI3 #Amazon",1.3114194990153646e+18
24,2020-09-30 21:39:28,yellowbrick_d,"Amazonから確認コード送られてくるSMSに、アカウント情報確認しろってSMS来たら本物かと思うよな…。URLあやしいけどアクセスしたら「クレジットカード情報の更新、追加」って。
これ騙される人多そうで怖い。
#Amazon #フィッシング #注意 https://t.co/3rZ0mhEt7N",1.3114204217999974e+18
25,2020-09-30 21:35:33,XperienceDope,"Blasting https://t.co/KwvjUkr04D - Streaming Live right now on Pretty Dope Xperience Radio aka #BlackPandora

listen now and catch a wave!! https://t.co/VqKFopeoex  #nowplaying #np #RT  #NowStreaming #Streema Download Now #Alexa #GooglePlay #iOSAppStore #Amazon #",1.3114194355682468e+18
26,2020-09-30 21:30:54,ArtBijou_,#Amazon #AmazonWishList #AmazonPrimeDay #Amazing #jewelry #handmade #USA #onlineshopping #shopping #fashionable #womensfashion #gift #gifts #giftidea #giftsforher #handmadejewelry #handmadegifts #handmadejewellery #handmadeearrings #earrings #ring #beauty https://t.co/xXMOmZoTkB,1.3114182664480072e+18
27,2020-09-30 21:36:33,svanemand,"#Amazon please stay away from our country🥺we really, really don't need you here in DANMARK.... REALLY😔You're big enough, now - are you not????????????????? https://t.co/P5ds0rTiJN",1.3114196878514872e+18
28,2020-09-30 21:33:50,clarinette02,https://t.co/QtJbCiows8 #Amazon,1.31141900521173e+18
29,2020-09-30 21:33:16,elsuperchollo,"📌 Chollazo 💥💥 #Amazon 

adidas - Handball Spezial, Sneaker para Hombre 

📢 Mega descuento del 29% 

💵 Precio desde 70,49 EUR (Amazon Prime)

🔰 Enlace: https://t.co/zJ6OJPfVqc 

🌐 https://t.co/5VQReSOFpo https://t.co/3KJkHUzVM0",1.3114188641950474e+18
30,2020-09-30 21:35:37,kana_ogawa,"【ハウス】ベスト10
ねむれるもりのミニー
https://t.co/TozbF5xNPd #Amazon",1.3114194549961482e+18
31,2020-09-30 21:37:19,CoolDealCA,"Get #Business only pricing 📉 at #Amazon
https://t.co/1KxcShCdc5 https://t.co/aVPNlzH8Bl",1.3114198805881692e+18
32,2020-09-30 21:36:18,elsuperchollo,"💶 Super Barato 💶 #Amazon 

s-grid-status-badge-container""&gt;
        
    &lt;/div&gt;

&lt;span data-component-type=""... 

📢 Mega descuento del 29% 

💵 Precio desde 54,99 EUR (Amazon Prime)

🔰 Enlace: https://t.co/CsvzZwBXgJ 

🌐 https://t.co/o0RKSND1Wz https://t.co/kN6O5qd8xI",1.311419625599574e+18
33,2020-09-30 21:32:10,hispachollos,"🌀 CERDÁ LIFE'S LITTLE MOMENTS- 2400000503_T50C-C08 Paraguas de Mano Plegable para Niños de LOL Surprise - Licencia Oficial MGA, Multicolor (8427934344574). #Amazon 🇪🇸

💶 Precio oferta: 9,5€ 💥 (PVP normal: 11,95€)

💳 Enlace: https:// ...
https://t.co/hzWBDI5h3L
#chollo",1.3114185878490726e+18
34,2020-09-30 21:32:07,AllOnFire,"#AMAZON
Best Books of the Month: Science Fiction &amp; Fantasy
https://t.co/K9kHAZdmXv",1.311418573588439e+18
35,2020-09-30 21:32:03,larnestas,"Bloomington Animal Shelter - Adopt Don't Shop - Bloomington, IN - I Love Larne #AdoptDontShop #Amazon #Wishlist https://t.co/SDKIgD8Hak https://t.co/I4rcmK36a9",1.311418554907009e+18
36,2020-09-30 21:35:42,kana_ogawa,"【ハウス】ベスト10
ハウス・オブ・カード 野望の階段 ブルーレイ コンプリートBOX [Blu-ray]
https://t.co/nSDllVRUMP #Amazon",1.311419477125333e+18
37,2020-09-30 21:37:18,LoganMarshall1,#smarthome #iot #amazon #alexa #echoAuto #auto #tech #ai #technology #quarantine #explore #yummy #instagood #outdoors #photography #followforfollowback #love #naturephotography #minimalism https://t.co/LpD12Sw2hg,1.311419879086588e+18
38,2020-09-30 21:40:05,LEICAM99,"『山田池のヌシ』現在Amazonにて無料キャンペーン中です。物語に登場する場所は、名称は変えてありますが全て実在する場所です。
#読書好きな人と繋がりたい #Kindle #KindleUnlimited  #セルフ出版 #知多半島 #釣り #悪ガキ #Amazon #KindleBooks  

https://t.co/UuGy2SbufS",1.3114205760496886e+18
39,2020-09-30 21:33:50,Hormigadigital,"#Amazon ofrecerá viajes virtuales 

https://t.co/zNhtP4zuiI https://t.co/1t3FXkIn8i",1.3114190044231475e+18
40,2020-09-30 21:35:16,kana_ogawa,"【ハウス】ベスト10
ハウスメイド (字幕版)
https://t.co/RhoZaKbCHE #Amazon",1.3114193671380623e+18
41,2020-09-30 21:32:35,SUP75,"Why #amazon knows so much about you, maybe more than #google ....
 
https://t.co/QMNne3yavt",1.3114186898210447e+18
42,2020-09-30 21:33:53,mybabychoose,"Graco DuetSoothe Baby Swing and Rocker, Sapphire https://t.co/Mlm7GpumNb #baby #parenting #family #usa #amazon #trending #fashion #babygirl #babyboy #gifts @amazon #holiday #blackfriday #thanksgiving #cybermonday https://t.co/5vYa3ngcFL",1.3114190195226993e+18
43,2020-09-30 21:35:32,kana_ogawa,"【ハウス】ベスト10
ウィンチェスターハウス　アメリカで最も呪われた屋敷(字幕版)
https://t.co/uFtotms5Me #Amazon",1.311419433051517e+18
44,2020-09-30 21:36:30,TheInStockRoom,"***New Deal***
Scotts Turf Builder Grass Seed...
New price $12
https://t.co/AkU4F8IFae
#Deals #newDeals #savings #Amazon https://t.co/zDVefnVYVo",1.3114196747317084e+18
45,2020-09-30 21:35:06,kana_ogawa,"【ハウス】ベスト10
HOUSE ハウス[東宝DVD名作セレクション]
https://t.co/YGQOL0gotN #Amazon",1.3114193233327145e+18
46,2020-09-30 21:35:19,rakten_kaden_,"10/01 06:35

日立 HITACHI DES-N76-S(シルバー
【楽天】14320円
【Amazon】14973円

★楽天で購入すると★
 653円 お得（お得率5％）

↓お得な情報を一覧で確認出来るサイト
https://t.co/kMQYxgL6Rh

#楽天市場 #Amazon #お得 #せどり https://t.co/koIXVlhBjC",1.3114193794651136e+18
47,2020-09-30 21:33:19,creativemm12,"#スイッチボット(SwitchBot) の SwitchBot スイッチボット スマートホーム 学習リモコン Alexa - Google Home IFTTT イフト Siriに対応 SwitchBot Hub Mini
https://t.co/4FJnGCF1K8
#フォロバ100パーセント
#온라인셀러
#amazon
#Donald #Trump #Jr
#Brighton #vs #Man #United
#TAHITI #Ari",1.3114188749994394e+18
48,2020-09-30 21:34:52,myuki00,"【自動転売‼️】
Amazonの商品を巨大プラットホームで無在庫で自動出品できる【最強ツール】

https://t.co/KMgsfkenDr

#自動転売
#せどり
#Amazon
#副業
#転売
#不労所得",1.311419265354883e+18
49,2020-09-30 21:32:37,kaminootsugeda,"意図せず「Amazonプライム会員」になってしまった私が「全額返金」 https://t.co/bxOpG3ZqK2

しょうもないプライムビデオとかどうでもいいから、詐欺みたいな手口で勝手に有料会員に移行するシステムをすぐに廃止せよ！堂々と送料取った方がよっぽどマシだぞ。

#Amazonを許さない #Amazon",1.3114187001472983e+18
,date,screen_name,tweet,tweet_id
0,2020-09-30 21:29:55,DrShashiVohra1,"9/10 from me for this riveting crime thriller.

Fantastic background score underpins every scene, every twist. Great camera work, slick editing + strong performances by all star cast..Amit Sadh, Nithya, Saiyami, Shruti, Shrikant, Hrishikesh, Plabita.

A must see
On #Amazon Prime.",1.3114180183716004e+18
1,2020-09-30 21:30:21,yuki_nagase,"【トランス】ベスト10
トランスポーター2(吹替版)
https://t.co/SJKFQm4DkY #Amazon",1.3114181302461932e+18
2,2020-09-30 21:30:28,BohoMhido,"#kids
#book 
#booklovers 
#Amazon 
#Amazon 
#KDP
#prime
#PrimeDay
#comicbooks 
#comic 
#creativity 
#Creative 
#ComicArt 
#marvelcomics 
#Sketchbook
#Sketching 
#sketches 
#illustration 
#GraphicDesign 
#Graphics 
#manga  
#school 
#Children 
#activity
https://t.co/JNxuWDMjvO",1.3114181563181097e+18
3,2020-09-30 21:30:22,CoolDealCA,"1080P HD Webcam for $25.99!!

#freebies #deals #deal #moneysaver #greatdeal #steals #discount #sale #bargain #bargainhunter #cheap #bestprice #Amazon  #Deals #giveaway #Deal #ganga

 https://t.co/YqKFi2r3iY https://t.co/lk4Bgn6GlC",1.3114181345161093e+18
4,2020-09-30 21:29:05,mireille7358,"I’m an #Amazon customer, and I want @Amazon to give me a plastic-free packaging choice! I should not be forced to potentially pollute the oceans every time I place an order. @amazonhelp please note my file that I don’t want plastic packaging. #PlasticFreeAmazon",1.3114178082328166e+18
5,2020-09-30 21:28:48,ArtBijou_,#Amazon #AmazonWishList #AmazonPrimeDay #Amazing #jewelry #handmade #USA #onlineshopping #shopping #fashionable #womensfashion #gift #gifts #giftidea #giftsforher #handmadejewelry #handmadegifts #handmadejewellery #handmadeearrings #earrings #ring #beauty  https://t.co/KtoRFVndBg,1.311417736615035e+18
6,2020-09-30 21:29:00,Haidji,"Book Quote: ""The opposite of death isn't life.  It's birth."" Click on https://t.co/pf8geXnrCh #life #death #birth #quoteoftheday #quotes #kindleunlimited #bookquotes #read #ebook #ku  #paperback #amazon  #inspiration #haidji   #goodreads #books #read #reading  #book https://t.co/rI8hai7ufw",1.3114177878610166e+18
7,2020-09-30 21:29:14,NancyTr83158469,"✳Personal #shopper service for #Men by #Amazon
 ($4.99/month)

#shoponline #Marketing
#Website #COVID19 #Clothing #CustomerExperience #Digital https://t.co/m68E3VkWNX",1.3114178494166835e+18
8,2020-09-30 21:30:11,yuki_nagase,"【トランス】ベスト10
善き行いを
https://t.co/8fZeMfI174 #Amazon",1.3114180864157655e+18
9,2020-09-30 21:30:17,buybooks_amazon,#BestBooks #Amazon #Leadership : STRETCH: HOW TO FUTURE-PROOF YOURSELF FOR TOMORROW'S WORKPLACE --&gt; https://t.co/DUPsakcuMR,1.311418112718246e+18
10,2020-09-30 21:30:02,amazon_rankinQ,"【スマートフォン本体】
Xiaomi Redmi Note9S 4+64GB グレイシャーホワイト 【日本正規代理店品】 REDMINOTE9S...
￥24,800
https://t.co/3NP60nSXvT
#amazon",1.3114180506341622e+18
11,2020-09-30 21:30:24,musicalbumrevi,"හාස්කම් බහුල ශ්‍රී මුන්නේශ්වරම් කෝවිල ✡️🕎 (Sri Munneswaram 🕍) https://t.co/kBIRcZmyAN October 01, 2020 at 03:00AM #Sri Lanka, සුන්දර ලංකා #blogger #2k20 #blog #MusicAlbumReviews #amazon",1.311418139494822e+18
12,2020-09-30 21:30:06,yuki_nagase,"【トランス】ベスト10
トランスフォーマー/ダークサイド・ムーン（吹替版）
https://t.co/tKqQpkNNC6 #Amazon",1.3114180645591736e+18
13,2020-09-30 21:30:37,yuki_nagase,"【トランス】ベスト10
LVYUAN（リョクエン）アップトランス ダウントランス 海外国内両用型変圧器 降圧・昇圧兼用型 変圧器 ポータブルトランス 【海外機器対応 変圧器】3000W DT-3000VA 100V/110V-220V/240V 自由変換
https://t.co/5NKDcqzCWF #Amazon",1.311418195966718e+18
14,2020-09-30 21:29:28,ArtBijou_,#Amazon #AmazonWishList #AmazonPrimeDay #Amazing #jewelry #handmade #USA #onlineshopping #shopping #fashionable #womensfashion #gift #gifts #giftidea #giftsforher #handmadejewelry #handmadegifts #handmadejewellery #handmadeearrings #earrings #ring #beauty  https://t.co/F8i9ub2VOG,1.311417908313174e+18
15,2020-09-30 21:30:10,ampedcheddar,"Find our book ""Finances the Other ""F"" Word-Another ""F"" Word to Love on #Target, and #Barnes&amp;Nobel online and #amazon.

#podcast #podcasts #lasvegas #vegas #FTOFWpod #FOFWpod #financestheotherfword #finances #finance #money #music https://t.co/pQkirXEr3u",1.311418084297769e+18
16,2020-09-30 21:30:03,YabRock,Fragile（こわれもの） / #Yes https://t.co/O7QGHNTHgy #ProgressiveRock #ProgRock #アマゾン #Amazon #AmazonJP,1.3114180515527148e+18
17,2020-09-30 21:30:42,yuki_nagase,"【トランス】ベスト10
トランス／愛の晩餐 [Blu-ray]
https://t.co/TZnUHRTxfj #Amazon",1.3114182181461975e+18
18,2020-09-30 21:30:00,yuki_nagase,"【トランス】ベスト10
トランスフォーマー／最後の騎士王(吹替版)
https://t.co/CvrssmtsmI #Amazon",1.311418042606256e+18
19,2020-09-30 21:30:38,ArtBijou_,#Amazon #AmazonWishList #AmazonPrimeDay #Amazing #jewelry #handmade #USA #onlineshopping #shopping #fashionable #womensfashion #gift #gifts #giftidea #giftsforher #handmadejewelry #handmadegifts #handmadejewellery #handmadeearrings #earrings #ring #beauty  https://t.co/6fRVNeCNK9,1.311418201624834e+18
20,2020-09-30 21:30:16,yuki_nagase,"【トランス】ベスト10
トランスポーター３ アンリミテッド(吹替版)
https://t.co/EeYg1RuR4B #Amazon",1.311418108305797e+18
21,2020-09-30 21:30:19,rakten_kaden_,"10/01 06:30

ポット 電気 電気ポット 2.2L IAHD-02
【楽天】5181円
【Amazon】5281円

★楽天で購入すると★
 100円 お得（お得率2％）

↓お得な情報を一覧で確認出来るサイト
https://t.co/kMQYxgL6Rh

#楽天市場 #Amazon #お得 #せどり https://t.co/l9XvagLwem",1.3114181193325855e+18
22,2020-09-30 21:29:27,MelanieBlakeUK,Just 19 reviews left for #TheThunderGirls to hit the 400 mark! If 19 of you out there have yet to leave a review on #Amazon please head on over and take my gals to the next level ❤️ btw review numbers aren’t related to sales as buyers rarely review - so to reach 400 would be 😍💋 https://t.co/oNKv6VE1Nk,1.3114179019000668e+18
23,2020-09-30 21:30:36,CoolDealCA,"💲💰
Scotts EZ Seed Bermudagrass 3....
Reduced from $17 to $11

# #Deals #new #Deals #savings #Amazon  #Deal #ganga

 https://t.co/apu89VNywA https://t.co/Z1BwcG3Xx6",1.3114181913027912e+18
24,2020-09-30 21:29:53,caro_milanesi,"Hey #WomenFounders this just hit my inbox so I thought I'd share 

#Amazon #Alexa team organized an event where you can pitch to receive $1M in venture capital. You can apply here https://t.co/b2OzxrU44W https://t.co/HCEnGRqs42",1.311418009227989e+18
25,2020-09-30 21:30:09,ArtBijou_,#Amazon #AmazonWishList #AmazonPrimeDay #Amazing #jewelry #handmade #USA #onlineshopping #shopping #fashionable #womensfashion #gift #gifts #giftidea #giftsforher #handmadejewelry #handmadegifts #handmadejewellery #handmadeearrings #earrings #ring #beauty  https://t.co/rUYBjsUxB7,1.3114180770541527e+18
26,2020-09-03 18:26:48,LenovoLegion,"Lenovo Legion x @PlayApex
Now is your chance to rise above the rest. 
Unmatched performance, purposeful engineering, modern design.
Gear up with a machine as savage as you are.
Stylish outside.
Savage inside.",1.301587465258578e+18
27,2020-09-30 21:30:23,TheInStockRoom,"***New Deal***
Elements of Design ES1771ALBS ...
Reduced from $179.01 to $75.03
https://t.co/axgi15SJjJ
#Deals #newDeals #Amazon https://t.co/7xoKLTfnHe",1.3114181358080369e+18
28,2020-09-30 21:30:23,ArtBijou_,#Amazon #AmazonWishList #AmazonPrimeDay #Amazing #jewelry #handmade #USA #onlineshopping #shopping #fashionable #womensfashion #gift #gifts #giftidea #giftsforher #handmadejewelry #handmadegifts #handmadejewellery #handmadeearrings #earrings #ring #beauty  https://t.co/RMMRD6M7Ud,1.311418138026799e+18
29,2020-09-30 21:28:31,ArtBijou_,#Amazon #AmazonWishList #AmazonPrimeDay #Amazing #jewelry #handmade #USA #onlineshopping #shopping #fashionable #womensfashion #gift #gifts #giftidea #giftsforher #handmadejewelry #handmadegifts #handmadejewellery #handmadeearrings #earrings #ring #beauty  https://t.co/XMouZYXGMV,1.311417669359407e+18
30,2020-09-30 21:30:48,yuki_nagase,"【トランス】ベスト10
ロストパラダイス・イン・トーキョー
https://t.co/5s9tesXUQf #Amazon",1.3114182402963866e+18
31,2020-09-30 21:29:12,aboomar_homs,"Spy for Nobody (English Edition) 
:ISBN 9781780585420 
is now available worldwide for purchase from #Amazon and #Google.The secrets of the #Syrian_people  #Syrian_revolution #criminal_Assad_regime  #intelligence_services #adventure  #book that you will not forget, https://t.co/8d2vEX1Fuv",1.3114178401347707e+18
32,2020-09-30 21:30:27,yuki_nagase,"【トランス】ベスト10
トランスポーター(吹替版)
https://t.co/dtqylLXcHH #Amazon",1.3114181521447076e+18
33,2020-09-30 21:30:05,SolTaylorRdL,"LOS ÁRBOLES QUE OLVIDARON SUS NOMBRES @enriquelaso @merylaso 
Octava entrega de la saga del agente del FBI #EthanBush 
UN CASO ESCALOFRIANTE... 
#kindleunlimited ► https://t.co/VTB8LAWLDG  

#kindle #amazon #thriller #suspense #novelanegra #bestseller #horror #terror https://t.co/2QIqrvZoQp",1.3114180619965563e+18
34,2020-09-30 21:29:20,micklovesbooks,Love Fantasy &amp; SciFi? #Win a $100 #Amazon #GiftCard in this month's mega #BookBub #Giveaway via @sffbookbonanza: https://t.co/9SGtN3OlCO,1.3114178746957169e+18
35,2020-09-30 21:30:23,CoolDealCA,"RUNMUS #Gaming #Headset for $25.64!! (Retail: $42.99)

#freebies #deals #deal #moneysaver #greatdeal #steals #discount #sale #bargain #bargainhunter #bargainshopper #cheap #bestprice #Amazon  #Deals #giveaway #Deal #ganga

 https://t.co/goyygBkzkl https://t.co/B3ruP1QQie",1.3114181374689567e+18
36,2020-09-30 21:29:55,ArtBijou_,#Amazon #AmazonWishList #AmazonPrimeDay #Amazing #jewelry #handmade #USA #onlineshopping #shopping #fashionable #womensfashion #gift #gifts #giftidea #giftsforher #handmadejewelry #handmadegifts #handmadejewellery #handmadeearrings #earrings #ring #beauty  https://t.co/CKAwQzfmQB,1.3114180182878167e+18
37,2020-09-30 21:30:05,gliderceo,"Interesting execution...Amazon’s explore 

#amazon #hospitality #future",1.3114180601467658e+18
38,2020-09-30 21:28:53,BIZEDUCATORS,Making Money On The Internet – This Is How You Can Earn $300 a Day Easily https://t.co/6tBCw6RGVf #amazon #fiverr,1.311417760681988e+18
39,2020-09-30 21:30:49,humanwatches,Men's Centrix Diamond Swiss Quartz Watch https://t.co/lXFkcSfgqQ #watches #clock #jewelry #trends #fashion #amazon #gifts #giftideas @amazon #holiday #blackfriday #thanksgiving #cybermonday https://t.co/7lguSKxbp0,1.3114182442727178e+18
40,2020-09-30 21:30:32,yuki_nagase,"【トランス】ベスト10
育良精機 ポータブルトランス PT30T 昇降圧兼用 AC100／200兼用V
https://t.co/3mcXeEf8kx #Amazon",1.3114181740263342e+18
41,2020-09-30 21:30:40,TCGCardSearch,"#Pokmon #TCG: Hidden Fates Elite Trainer Box, Multi #Amazon #US #TradingCardGame #TCGCardSearch
🔗 https://t.co/yXfixUepsY *",1.3114182082814075e+18
42,2020-09-30 21:29:00,ArtBijou_,#Amazon #AmazonWishList #AmazonPrimeDay #Amazing #jewelry #handmade #USA #onlineshopping #shopping #fashionable #womensfashion #gift #gifts #giftidea #giftsforher #handmadejewelry #handmadegifts #handmadejewellery #handmadeearrings #earrings #ring #beauty  https://t.co/2QoN7L3AE5,1.3114177904825795e+18
43,2020-09-30 21:30:16,DabashDeals,"Add a pleasant aroma to dinner parties and a season’s worth of little moments with this #Yankee Candle Large Jar Candle for only $21.51

#dabashdeals #newdeals #coupons #deals #yankee #candle #large #jar #christmascookie #amazon

CLICK HERE: https://t.co/q9LyQDQM1n https://t.co/WWHpPmDuMT",1.3114181076809605e+18
44,2020-09-30 21:30:30,TheInStockRoom,"***New Deal***
Scotts EZ Seed Bermudagrass 3....
Reduced from $17 to $11
https://t.co/9DKIL6YXr8
#Deals #newDeals #savings #Amazon https://t.co/hnqu9EmO26",1.3114181662796308e+18
45,2020-09-30 21:29:41,ArtBijou_,#Amazon #AmazonWishList #AmazonPrimeDay #Amazing #jewelry #handmade #USA #onlineshopping #shopping #fashionable #womensfashion #gift #gifts #giftidea #giftsforher #handmadejewelry #handmadegifts #handmadejewellery #handmadeearrings #earrings #ring #beauty  https://t.co/iCeCIeKu8w,1.311417961962451e+18
46,2020-09-30 21:30:28,CoolDealCA,"💲💰
Elements of Design ES1771ALBS ...
Reduced from $179.01 to $75.03

# #Deals #new #Deals #Amazon  #Deal #ganga

 https://t.co/Hz5Y5U4mXW https://t.co/XC381DsGME",1.3114181600930324e+18
47,2020-09-30 21:29:12,ArtBijou_,#Amazon #AmazonWishList #AmazonPrimeDay #Amazing #jewelry #handmade #USA #onlineshopping #shopping #fashionable #womensfashion #gift #gifts #giftidea #giftsforher #handmadejewelry #handmadegifts #handmadejewellery #handmadeearrings #earrings #ring #beauty  https://t.co/aENmCLJWKI,1.3114178406799524e+18
48,2020-09-30 21:28:33,sima__sakon,"miffy おうち型キッチンツールBOOK (バラエティ) https://t.co/NbmKbmH7mM #Amazon

これはヤバイ、、、",1.3114176773201347e+18
49,2020-09-30 21:28:40,Charlie_Cawood,"Jade Bird - I Get No Joy #bigtimeradio https://t.co/N76xPoatRr @Charlie_Cawood @BigTimeRadio1 @bigtime_news
 on #Amazon Echo &amp; App https://t.co/c7cZfm4MQo  #Top40 #Music 247 #Worldwide 3 #Radio #Stations 43 #Countries #Interviews #Billboard https://t.co/JiPHr6jZyC  #SUBMI",1.311417705791189e+18
,date,screen_name,tweet,tweet_id
0,2020-09-30 21:26:56,cmgessier,#Amazon version #BZH pres de #Quimper !! https://t.co/6eHJ8PHAo8,1.311417267184427e+18
1,2020-09-30 21:26:10,micklovesbooks,Love Speculative Fiction? #Win a $100 #Amazon #GiftCard in this #Facebook &amp; #Twitter #Giveaway via @sffbookbonanza: https://t.co/91dSoIQGZh,1.31141707758925e+18
2,2020-09-30 21:24:35,CoolDealCA,"💲💰
Mac Sports Foldable Hammock
Reduced from $120 to $87

# #Deals #new #Deals #savings #Amazon  #Deal #ganga

 https://t.co/B88qqSRjE7 https://t.co/0GaHtFA6lO",1.3114166786479882e+18
3,2020-09-30 21:27:02,ArtBijou_,https://t.co/agq16OXrxE #Amazon #AmazonWishList #AmazonPrimeDay #Amazing #jewelry #handmade #USA #onlineshopping #shopping #fashionable #womensfashion #gift #gifts #giftidea #giftsforher #handmadejewelry #handmadegifts #handmadejewellery #handmadeearrings #earrings #ring #beauty,1.3114172919518003e+18
4,2020-09-30 21:20:46,GiffyDeb,Why is #Amazon selling terrorist organization items ? https://t.co/pZjQ6MuB9N,1.3114157189368054e+18
5,2020-09-30 21:18:50,QueensExistence,"*NEW* HAUL VIDEO FOR #MOMMIES UP NOW!
GO WATCH IT 😉
•Click: https://t.co/Zrs1kkWtwl
#YouTubeChannel #YouTube #SUBSCRIBE #Amazon #Walmart https://t.co/eJKwVfyCBD",1.3114152322463785e+18
6,2020-09-30 21:27:41,ArtBijou_,#Amazon #AmazonWishList #AmazonPrimeDay #Amazing #jewelry #handmade #USA #onlineshopping #shopping #fashionable #womensfashion #gift #gifts #giftidea #giftsforher #handmadejewelry #handmadegifts #handmadejewellery #handmadeearrings #earrings #ring #beauty  https://t.co/AYUTvMY0GT,1.311417458633388e+18
7,2020-09-30 21:25:33,GBBargainSleuth,Another newish book about the royal family came out this summer. It's about the royal governess of Queen Elizabeth. It's got a twist I wasn't expecting. #queenelizabeth #theroyalgoverness #wendyholden #bookreview #windsor #ad #amazon #bargainsleuth https://t.co/3AeFWfkKhO,1.3114169196486205e+18
8,2020-09-30 21:24:04,chollosyoferta,"#Chollo #Amazon 93% DESCUENTO Franklin Global Translator 18 Sprachen

Precio oferta: 80,6
Reacondicionado: 4,84

    👇👇👇👇👇👇👇
👉 https://t.co/tT0GtMqnQd https://t.co/U8JRoqFR7j",1.311416548926591e+18
9,2020-09-30 21:28:11,ArtBijou_,#Amazon #AmazonWishList #AmazonPrimeDay #Amazing #jewelry #handmade #USA #onlineshopping #shopping #fashionable #womensfashion #gift #gifts #giftidea #giftsforher #handmadejewelry #handmadegifts #handmadejewellery #handmadeearrings #earrings #ring #beauty  https://t.co/DzSwIDakjU,1.3114175850372014e+18
10,2020-09-30 21:24:18,_mis_ter_e_,"Make #Superman LEGO portraits !

#HenryCavill #christopherreeve #batman #benaffleck #dcfandome #JusticeLeague #JusticeLeagueSnyderCut #JusticeLeagueTheSnyderCut #amazon #kindle #kindlebooks #kindleunlimited #dccomics
https://t.co/wzwkCq8iGR",1.3114166051680707e+18
11,2020-09-30 21:26:22,LookdealsTw,"#groceries &amp; #gourmet  #Food on #Amazon #Deals 
Shop groceries online for delivery of #Coffee, #snacks  #chocolate, and everyday food.
✅Link: https://t.co/RaDsPiBXZY https://t.co/QIFujba0WS",1.311417125874135e+18
12,2020-09-30 21:19:26,bmurphypointman,#earnmoney #amazon #amazonprime #Amazonspecials #prime Save Big on Airport Parking. Check for discount airport parking on https://t.co/Hk21gwU6Ai,1.3114153809890918e+18
13,2020-09-30 21:28:15,ma0721sa,"@anpan_kaz @syoukinroom2 ＃麺のびた
#あんぱん
#Amazon
#500万
#ポジディブ
#りょう
あんぱんさんが好きすぎてあんぱんになっちゃいました。
記念にぴこんお願いします。
https://t.co/gX3mfjtIPI",1.31141760073626e+18
14,2020-09-30 21:21:55,creativemm12,"👉https://t.co/bwiUbDRM4Y #amazon👈
💯👉Auto Follower👈💯
💯👉#自動相互フォロー👈💯

#フォロバ100パーセント
#Palantir
#NPR
#Henrik #Lundqvist
#相互フォロー100
#followtrick
#TFW
#1000ADay
#FollowBack
#followergenerator
#bts
#seventeen",1.3114160048330179e+18
15,2020-09-30 21:25:17,IAmKrisStylez,"LET'S ""PLAY BALL II""
@IAmKrisStylez @astros Out Now !
#hiphop #pop #rnb #rap #sing #fatjoe #krisstylez #mobboy #bainesboyz #terrorsquad #unitedmasters #itunes #spotify #tidal #googleplay #soundcloud #amazon #mlbplayoffs #houston #astrosbaseball #postseason
https://t.co/DiUuVOG1GI",1.311416854141956e+18
16,2020-09-30 21:22:17,hispachollos,"🌀 Edge Entertainment- Juego de Cartas, Color (EETCZC01). #Amazon 🇪🇸

💶 Precio oferta: 7,99€ 💥 (PVP normal: 19,95€)

💳 Enlace: https://t.co/hLRdfgavlC

✨ 30 días gratis de Amazon Music Unlimited : https://t.co/dnJe9X8AvY

👁 Visto en H ...
https://t.co/OMIXbJdZEz
#chollo",1.31141609737207e+18
17,2020-09-30 21:22:04,chollosyoferta,"#Chollo #Amazon 90% DESCUENTO Reloj con Alarma para niños Chico Azul música fútbol   Atlanta

Precio original: 28,68
Precio oferta: 24,5
Reacondicionado: 2,72

    👇👇👇👇👇👇👇
👉 https://t.co/WlXSepohV4 https://t.co/drjRXos12H",1.3114160422253896e+18
18,2020-09-30 21:23:38,WhoCalledMeUK,Hi @amazon is this your courier's number https://t.co/WSlOYk9ky6 Our users have mixed feelings - we are pretty sure it is your system for connecting #couriers and customers but some people still think this is a #scam! Let us know :) #amazon #amazonprime #courier #whocalledme,1.31141644002995e+18
19,2020-09-30 21:20:50,aramaaaaaa0,"埼玉誕生150周年☆
私が選ぶ150周年を彩る  #キャッチコピー はこれだ！
@saitama150th ではプレゼントCPを実施中！～10/12
抽選で20名に  #Amazon  #ギフト券 500円分を  #プレゼント ♪
 https://t.co/S4bhOelF7q",1.3114157329204388e+18
20,2020-09-30 21:19:30,gitaro9,"https://t.co/Lyda2YFr1r
#ibiza #electro #techno #club #テクノ #art #popart #芸術 #絵 #soundcloud #music #beatport #itunes   #絵画 #アート #写真 #photo #spotify #東京 #大阪 #福岡 #amazon  #Apple Music   #Google Play Music #RecMusic #AWA 
#LINE MUSIC #Amazon  #gitaro",1.31141539842893e+18
21,2020-09-30 21:20:08,SolTaylorRdL,"‼️YA DISPONIBLE‼️ El placer del engaño By: @KristelRalston 

Descubre la historia de Dimitri y Sienna 😍

#Amazon ➜ https://t.co/g0nov7iElv

#IARTG #romance #kindle #KindleUnlimited #romantica #erotica #amor #BestSeller #eBooks #writingcommunity https://t.co/6XqngRW3Sw",1.311415559205122e+18
22,2020-09-30 21:23:57,XperienceDope,"Blasting Jadakiss - Me (Club) right now on Pretty Dope Xperience Radio aka #BlackPandora

listen now and catch a wave!! https://t.co/VqKFopeoex  #nowplaying #np #RT  #NowStreaming #Streema Download Now #Alexa #GooglePlay #iOSAppStore #Amazon #",1.3114165180816794e+18
23,2020-09-30 21:25:10,sakagoal,"特選タイムセール:￥7,980 スチームモップ 高温 蒸気 殺菌 スチームクリーナー 振動機能 2枚モップパッド付き 電動モップ M11  https://t.co/cLug02W66j @amazon #タイムセール #Amazon",1.3114168245341676e+18
24,2020-09-30 21:18:38,XperienceDope,"Blasting https://t.co/KwvjUkr04D - All of todays HITS! right now on Pretty Dope Xperience Radio aka #BlackPandora

listen now and catch a wave!! https://t.co/VqKFopeoex  #nowplaying #np #RT  #NowStreaming #Streema Download Now #Alexa #GooglePlay #iOSAppStore #Amazon #",1.3114151804552847e+18
25,2020-09-30 21:25:24,BohoMhido,"#kids
#book 
#booklovers 
#Amazon 
#Amazon 
#KDP
#prime
#PrimeDay 
#handwriting 
#HandwritingChallenge 
#Cursive 
#tracingapp 
#schoolsreopening 
#school 
#Children 
#activity 
https://t.co/CWBw4NfEBn",1.311416882222768e+18
26,2020-09-30 21:21:00,chollosyoferta,"#Chollo #Amazon 54% DESCUENTO SCOOTY A9 EASYWHEEL   Rueda Ligera Unisex para Adulto, Color Blanco

Precio oferta: 359,2
Reacondicionado: 161,84

    👇👇👇👇👇👇👇
👉 https://t.co/vw9ln88DZQ https://t.co/5Dks5iC8jE",1.311415777023742e+18
27,2020-09-30 21:22:28,diegodiazelgato,#ElBlogDeElGato Amazon One es un nuevo sistema con el que pagar en tiendas sin metálico o tarjeta: solo hará falta la palma de la mano #Amazon #AmazonOne #Tecnologia #InteligenciaArtificial https://t.co/awD94E1Kao,1.3114161454723686e+18
28,2020-09-30 21:24:30,mediatrainingfr,@AmazonHelp Bonjour ! Puis je esperer jne réponse à ma requête légitime de certificat d'homologation pour un #VAE vendu par #Amazon et pas par un vendeur tiers ? C'est une obligation légale et cela me prive de la subvention de la région @IDFmobilites @iledefrance,1.3114166568963645e+18
29,2020-09-30 21:27:39,XperienceDope,"Blasting Psyph Morrison - KTB right now on Pretty Dope Xperience Radio aka #BlackPandora

listen now and catch a wave!! https://t.co/VqKFopeoex  #nowplaying #np #RT  #NowStreaming #Streema Download Now #Alexa #GooglePlay #iOSAppStore #Amazon #",1.3114174505552323e+18
30,2020-09-30 21:22:56,umjoysticknamao,"Foram revelados os jogos gratuitos do Prime Gaming de outubro: 

-Layers of Fear
-Silver Chains
-Dead Age, 
-Surf World Series 
-Jay and Silent Bob: Mall Brawl

#Amazon #primegaming https://t.co/8zsU8Oi78V",1.311416261717504e+18
31,2020-09-30 21:25:30,chollosyoferta,"#Chollo #Amazon 51% DESCUENTO Giochi Preziosi VR Real Feel raciong car 575, Multicolor, 8056379061939  , color/modelo surtido

Precio oferta: 17,54
Reacondicionado: 8,52

    👇👇👇👇👇👇👇
👉 https://t.co/Qwsbq5zqR9 https://t.co/aCz0MV34aV",1.3114169092257505e+18
32,2020-09-30 21:25:00,shadowconn,"The Book on Writing

https://t.co/EXeFXcYObO

#amazon @amazon #fiction #writing",1.3114167814714614e+18
33,2020-09-30 21:24:25,t_yoshitake,"できる課長は「これ」をやらない! https://t.co/d4ZqRv1tBJ #Amazon

この本、読みまーす！",1.3114166358450463e+18
34,2020-09-30 21:20:18,rakten_kaden_,"10/01 06:20

パナソニック　Panasonic ヘアードライヤー
【楽天】7980円
【Amazon】8770円

★楽天で購入すると★
 790円 お得（お得率10％）

↓お得な情報を一覧で確認出来るサイト
https://t.co/kMQYxgL6Rh

#楽天市場 #Amazon #お得 #せどり https://t.co/FA60Abf3RC",1.3114155991388897e+18
35,2020-09-30 21:24:29,TheInStockRoom,"***New Deal***
Mac Sports Foldable Hammock
Reduced from $120 to $87
https://t.co/YnqlIKaT1y
#Deals #newDeals #savings #Amazon https://t.co/rhhzpuMsls",1.3114166535493181e+18
36,2020-09-30 21:23:26,VodkaWardrobe,"It's Autumn, Snoop Dog is rolling around in the leaf pile and the girls have ordered more bamboo bobble hats 😚💕🥂
#humour #Amazon #shortstory #mustread

https://t.co/OzuLmYZboY https://t.co/xPXlm3zYfs",1.3114163872656138e+18
37,2020-09-30 21:27:02,CreateMyVoice,"Amazon’s New Echo Studio Is More than Just a Smart Speaker, With Dolby Atmos Built In https://t.co/iXaMyQPdo2 #smartspeaaker #echo #amazon https://t.co/SDAboTCOMW",1.3114172928913244e+18
38,2020-09-30 21:20:10,Mcaccesorios2,"Como cuando niegas que te gusta pandora.
En tu cabeza:
#joyeria #amazon #compras #PANDORA #joyeriaaceroinoxidable https://t.co/61WyNkq2kV",1.3114155659034337e+18
39,2020-09-30 21:18:58,ykswld,(仮)ミニプラ 騎士竜合体シリーズ03セ...今売れています！https://t.co/1ltjVRGpzA #follow #sougo #Amazon #アマゾン,1.311415263175291e+18
40,2020-09-30 21:27:22,ArtBijou_,#Amazon #AmazonWishList #AmazonPrimeDay #Amazing #jewelry #handmade #USA #onlineshopping #shopping #fashionable #womensfashion #gift #gifts #giftidea #giftsforher #handmadejewelry #handmadegifts #handmadejewellery #handmadeearrings #earrings #ring #beauty  https://t.co/o73vGwnKNl,1.3114173777085317e+18
41,2020-09-30 21:25:11,CoolDealCA,"#Apple AirPods with Charging Case for $129!! (Retail: $159)

#freebies #deals #deal #moneysaver #greatdeal #steals #discount #sale #bargain #bargainhunter #bargainshopper #cheap #bestprice #Amazon  #Deals #giveaway #Deal #ganga

 https://t.co/i8NKuO72jn https://t.co/tvbNklNRYi",1.3114168265350636e+18
42,2020-09-30 21:24:02,bmoskwa,"Optimizing Your PPC Campaigns: 8 Building Blocks for a Strong Foundation - https://t.co/OLC3CBaMu5
 #AmazonFBA #Amazon #PPC | @PPCEntourage",1.3114165401395855e+18
43,2020-09-30 21:18:29,randomfaqs66,Beneficios del Té de Burbujas #Chollos #ofertas #promociones #amazon #bobatea #bubbletea #quedateencasa https://t.co/PGYnR6H9Y0 #guías,1.3114151442542387e+18
44,2020-09-30 21:18:44,o_n_pon,"僕のほしい物リスト一覧
見て！
#Amazon #ほしい物リスト

https://t.co/SuobdbPulL",1.311415204329091e+18
45,2020-09-30 21:21:44,maggiecat77,Check Out This #AdamDark #StarterLibrary #Giveaway! #Amazon #KindleUnlimited #Fantasy https://t.co/SZwyxNfIyy,1.3114159610655908e+18
46,2020-09-30 21:20:50,DoodleOoodle,"My new book Girl Erased is available now on #Amazon!

Lily was kidnapped before she turned 8 years old and held her captive for ten years, but now she is 17 and Paul always kills his victims when they turn 18.

https://t.co/cLhSDgd6d5

#writerslift #PsychologicalThriller #ebook",1.311415734472446e+18
47,2020-09-30 21:19:20,creativemm12,"👉https://t.co/8sedCpNXPL #amazon👈
💯👉Auto Follower👈💯
💯👉#自動相互フォロー👈💯

#1000ADay
#Disney
#NPR
#Henrik #Lundqvist
#TeamFollowback
#拡散希望RTお願いします
#TFW
#相互フォロー100
#500ADay
#TFB
#followermachine
#f4f",1.3114153577315533e+18
48,2020-09-30 21:27:56,ArtBijou_,#Amazon #AmazonWishList #AmazonPrimeDay #Amazing #jewelry #handmade #USA #onlineshopping #shopping #fashionable #womensfashion #gift #gifts #giftidea #giftsforher #handmadejewelry #handmadegifts #handmadejewellery #handmadeearrings #earrings #ring #beauty  https://t.co/1BUH9lkM9l,1.3114175203232686e+18
49,2020-09-30 21:25:18,rakten_kaden_,"10/01 06:25

パナソニック　Panasonic　ヘアードライヤー
【楽天】7980円
【Amazon】8770円

★楽天で購入すると★
 790円 お得（お得率10％）

↓お得な情報を一覧で確認出来るサイト
https://t.co/kMQYxgL6Rh

#楽天市場 #Amazon #お得 #せどり https://t.co/4dixaboo0y",1.3114168593049436e+18
,date,screen_name,tweet,tweet_id
0,2020-09-30 21:16:56,jonathanrferrer,"What is your favorite show on #AmazonPrimeVideo ?

#Streaming #Series #Movies #tvtime #TVShows #Amazon",1.3114147518058004e+18
1,2020-09-30 21:13:04,free201707,"店舗仕入れ同行募集中！！

日給１０万達成

https://t.co/WUIjHdVUMK

＃店舗せどり　＃Amazon ＃日給１０万",1.31141377768269e+18
2,2020-09-30 21:10:56,XperienceDope,"Blasting Goldlink, Ari Pensmith - Joke Ting (Club) right now on Pretty Dope Xperience Radio aka #BlackPandora

listen now and catch a wave!! https://t.co/VqKFopeoex  #nowplaying #np #RT  #NowStreaming #Streema Download Now #Alexa #GooglePlay #iOSAppStore #Amazon #",1.3114132412733563e+18
3,2020-09-30 21:15:13,CoolDealCA,"Look Good, Feel Good 🦷 

Teeth Whitening Kit 

Whitening Strips 

#freebies #deals #deal #moneysaver #greatdeal #steals #discount #sale #bargain #bargainhunter #bargainshopper #cheap #bestprice #Amazon  #Deals #giveaway #Deal #ganga

 https://t.co/lkYchJnTKV https://t.co/Z5MceldlTk",1.311414320450896e+18
4,2020-09-30 21:12:04,yumori021001,"スーパーマリオ 3Dコレクション 

【楽天ブックス限定特典：ポストカード（4種セット）】

3つの歴代3Dマリオを1本のソフトに😆

楽天
▷ https://t.co/T8AADJVK4W

amazon
▷ https://t.co/cjzOrmaJwm

#任天堂 #スーパーマリオ
#大人も楽しい #楽天ブックス
#Amazon https://t.co/5yJvEo7CiU",1.3114135256218214e+18
5,2020-09-30 21:09:12,Itongadol,"«#Borat», de Sacha #BaronCohen, tendrá su secuela en #Amazon Prime Video https://t.co/jbSLyLQzcn",1.311412807523537e+18
6,2020-09-30 21:06:31,creativemm12,"#パナソニック(Panasonic) の パナソニック エチケットカッター 白 ER-GN11-W
https://t.co/bcFWgRqWdK
#相互リツイート
#미국구매대행
#amazon
#NPR
#Burnley #vs #Man #City
#拜登",1.3114121312506634e+18
7,2020-09-30 21:17:01,CoolDealCA,"Get those Amazon purchases 🎁shipped faster for free 
One month #free #Amazon Prime trial
6 month 👀 free for students
click for details
https://t.co/vkCEWOmxOz https://t.co/9UcFXwkIgY",1.3114147751806525e+18
8,2020-09-30 21:15:17,rakten_kaden_,"10/01 06:15

シャープ KS-CF05B-W(ホワイト) ジャー
【楽天】8349円
【Amazon】8400円

★楽天で購入すると★
 51円 お得（お得率1％）

↓お得な情報を一覧で確認出来るサイト
https://t.co/kMQYxgL6Rh

#楽天市場 #Amazon #お得 #せどり https://t.co/jCtygsA5bi",1.311414338993832e+18
9,2020-09-30 21:07:54,s_flochlay,#Amazon dépose un projet de plateforme de 1 000 emplois au sud de #Nantes https://t.co/REllU7ZGxm,1.311412479428354e+18
10,2020-09-30 21:10:12,CoolDealCA,"GALAX PRO 12V Cordless Drill Driver with Work Light for $29.99!!

#freebies #deals #deal #moneysaver #greatdeal #steals #discount #sale #bargain #bargainhunter #bargainshopper #cheap #bestprice #Amazon  #Deals #giveaway #Deal #ganga

 https://t.co/4cJJIGaskd https://t.co/hWVeyuAFmC",1.3114130561451008e+18
11,2020-09-30 21:11:04,HColinHodges,A #Costco Made Into an #Amazon #Hub Sells in One of #LosAngeles Priciest #Industrial Deals of Decade #CRE via @CoStarNews https://t.co/7tU03ZZiEl https://t.co/xwf7JsN2Yf,1.3114132767529656e+18
12,2020-09-30 21:06:36,tmsl_info,"フィリップス ポジションランプ LED T10 6000K 50lm 12V 0.6W アルティノン LEDシリーズ 2個入り PHILIPその他 ...
https://t.co/euTUjPSp1a
#Amazon #タイムセール",1.3114121504941302e+18
13,2020-09-30 21:09:30,nikitabillett,"https://t.co/gbiQrPCh9D

#mustread #writersnetwork #publishing #Amazon #author #ebook #writer #writerslife #writing #indiedev",1.3114128802612306e+18
14,2020-09-30 21:12:04,Mcaccesorios2,"Hay dos tipos de personas que te dirán que no puedes hacer algo: las que tienen miedo de intentarlo y las que tienen miedo de que tengas éxito
#frases #frasesmotivadoras #frasesdeexito #joyeria #joyeriadeaceroinoxidable #catalogo #ventas #Amazon #compras recuerden seguirnos",1.3114135261714555e+18
15,2020-09-30 21:07:00,kimura_books,SEの方、SE志望の方にオススメなライトな本です。 'なれる!SE―2週間でわかる?SE入門 (電撃文庫)' https://t.co/CcGzMkJymF #books #amazon,1.3114122527050588e+18
16,2020-09-30 21:15:15,PMbeers,How does a company with such sh!t service do so well? I've been told that #Amazon is cheaper than #Ebay. That has not been my experience.,1.3114143285501952e+18
17,2020-09-30 21:06:14,AndyWebbDJ,"Just found this on #AmazonPrimeVideo 

Anyone else seen it 
#Fernando @alo_oficial 
It’s dubbed but pretty good access behind the scenes 
#Amazon #F1Legend https://t.co/GpHI8j1GGb",1.3114120595491676e+18
18,2020-09-30 21:18:01,ShawnIgnites,My prediction: #Trump will end his last debate by blasting a T-Shirt cannon filled with vials and needles into the audience yelling “You get a vaccine! You get a vaccine!” Then he presses a ninja warrior style button that deploys 328.2 million #amazon drones to deliver the rest. https://t.co/SiklrthtPA,1.311415024288764e+18
19,2020-09-30 21:12:16,MsAthena10,"@TMobile I mean come on, how could you deny that grin?? If you wanna make Louie smile, you can also help out our K-12 low income, BIPOC, ELL, and/or SPED students by checking out our #amazon list https://t.co/ktLFkTWhnD",1.3114135767252664e+18
20,2020-09-30 21:10:25,WayneCecilW1,Join me in asking @FP_Champagne not to reward the destruction of the #Amazon! 🔥🔥 Immediately halt the Canada-Mercosur free trade deal &gt;&gt; #ActForAmazon #ClimateAction @GreenpeaceCA https://t.co/mefo8J9iRT,1.311413112835195e+18
21,2020-09-30 21:07:39,kchishol1970,Join me in asking @FP_Champagne not to reward the destruction of the #Amazon! 🔥🔥 Immediately halt the Canada-Mercosur free trade deal &gt;&gt; #ActForAmazon #ClimateAction @GreenpeaceCA https://t.co/0HfVAahNYU,1.311412417457541e+18
22,2020-09-30 21:08:03,therapist_gay,Out Bollywood director rips #Amazon for copying the gay sex scene from his film nearly shot for shot https://t.co/WwLnrPoAbg,1.3114125175294198e+18
23,2020-09-30 21:12:13,AfonsoGalle,"#LaIslaDeLasTentaciones3
CONFINADOS
Madrid, punto 0 de la pamdemia mundial
Dura, emocionante, dinamica, amena, romántica, real... todos formamos parte de esta historia
#Amazon #AmoLeer #LecturaRecomendada 
Gratis en #KindleUnlimited de Amazon https://t.co/5xUxaa6ula",1.3114135649435976e+18
24,2020-09-30 21:10:17,rakten_kaden_,"10/01 06:10

食洗機 工事不要 除菌 清潔 食器乾燥機 コンパク
【楽天】28600円
【Amazon】29000円

★楽天で購入すると★
 400円 お得（お得率1％）

↓お得な情報を一覧で確認出来るサイト
https://t.co/kMQYxgL6Rh

#楽天市場 #Amazon #お得 #せどり https://t.co/wrslhk52un",1.3114130793059328e+18
25,2020-09-30 21:17:22,ModetrendA,MILLY https://t.co/z1953MX9HB #fashiondesigner #onlineshopping #handmade #womenswear #womeninbiz #businesswear #smallbiz #dresscode #fashionblogger #moda #trending #fashion #amazon @amazon #holiday #blackfriday #thanksgiving #cybermonday https://t.co/wPUPu0jDhU,1.3114148627787162e+18
26,2020-09-30 21:07:23,giveawaysboard,#Win an #Amazon Gift Card in our #Twitch #Games #Giveaway via @sffbookbonanza: https://t.co/v7ygZKjmxE,1.311412350143148e+18
27,2020-09-30 21:11:08,Andalusio,"Follow Jonathan Fier as he uncovers the mysteries surrounding an ancient castle, and comes face-to-face with a hooded stranger. Scan the QR Code to get: https://t.co/w1BYPOetLJ

#KindleUnlimited #AmazonKindle #Amazon #ebooks #books #MadeInLagos #MadeInNigeria #Lagos #Nigeria",1.3114132940503e+18
28,2020-09-30 21:08:34,masa_take14,"amazonプライムデイで、欲しいキャンプギアで日本の中小企業を応援しよう。#amazon #プライムデイ　#キャンプ　#はてなブログ
キャンプギアをお得にゲット！PrimeDayで千円クーポンを使おう - まさたけのDIYとキャ…
https://t.co/jrtXHWLWyq",1.3114126446753505e+18
29,2020-09-03 18:26:48,LenovoLegion,"Lenovo Legion x @PlayApex
Now is your chance to rise above the rest. 
Unmatched performance, purposeful engineering, modern design.
Gear up with a machine as savage as you are.
Stylish outside.
Savage inside.",1.301587465258578e+18
30,2020-09-30 21:12:55,Charlie_Cawood,"YUNGBLUD - Weird! #bigtimeradio https://t.co/N76xPoatRr @Charlie_Cawood @BigTimeRadio1 @bigtime_news
 on #Amazon Echo &amp; App https://t.co/c7cZfm4MQo  #Top40 #Music 247 #Worldwide 3 #Radio #Stations 43 #Countries #Interviews #Billboard https://t.co/JiPHr6jZyC  #SUBMI",1.3114137422996849e+18
31,2020-09-30 21:16:14,cf_hanz,"Success!!
#高岡すみれ ☆Presents*
https://t.co/1GEk32TApK
#DMM https://t.co/oURFXFJfgw
#Amazon https://t.co/HE5qKoJD4n
#R18 #クラウドファンディング",1.311414574063657e+18
32,2020-09-30 21:09:11,Shopivatemarket,"PrinStory Women's Long Sleeve Casual Cold Shoulder Tunic Tops Loose Blouse Shirts
Buy from Amazon⬇️
Link:https://t.co/fxH4mIZwez
#PrinStory #Women #Casual #Tunic #Tops #Shirts #Amazon https://t.co/7KuQF8KseO",1.3114128035809444e+18
33,2020-09-30 21:18:07,elsuperchollo,"💥 Super Precio!!! 💥 #Amazon 

Essentials+ Fitted tee Camiseta de Manga Corta Mujer 

💰 Rebajado al 50% 

💵 Precio desde 12,37 EUR

🔰 Enlace: https://t.co/7nig6slFHr 

🌐 https://t.co/KFvUcAEE4y https://t.co/qg91jiiUgI",1.311415050452824e+18
34,2020-09-30 21:07:27,ceproctor,"So excited for this to launch! 

#firstbook #iwrotethis #goalsetting #planning #workbook #executivefunction #new #amazon https://t.co/OjMMrephfh",1.3114123658129203e+18
35,2020-09-30 21:14:20,_Sandra_R_,Enter for a chance to #win a $50 #Amazon #giftcard and a #paperback from #USAT #bestselling #author @EvaPohler https://t.co/wpnwr8dq8f https://t.co/euWdhtMWVE,1.3114140996753162e+18
36,2020-09-30 21:13:11,creativemm12,"&lt;Current Weather&gt;
Los Angeles
Temperature: 96.26°F/ Status: clear
👉https://t.co/COr8ahNTlf #amazon👈
💯👉Auto Follower👈💯
💯👉#自動相互フォロー👈💯

#followergenerator
#Disney
#NPR
#Henrik #Lundqvist
#固定ツイートRT
#followtrick
#RT企画",1.3114138075209646e+18
37,2020-09-30 21:15:41,FreeDealSteals,Prime Day 2020 ~ Plus Early Prime Member Deals! #Amazon #PrimeExclusives https://t.co/EtLj9r0fs3 via @FreeDealSteals,1.31141443935112e+18
38,2020-09-30 21:17:01,BcgAffiliate,"Candy corn #ombre on @3dRoseLLC
And @amazon! https://t.co/dcqk6JV4dR
Sold! Thank you to the buyer!
#amazon #3drose #candycorn #halloween #facemask #candy",1.311414773318398e+18
39,2020-09-30 21:07:05,EcomVAConsulta1,"https://t.co/8CLva7ADlt
#hire #expert #virtual #assistant for #amazon &amp; #shopify #shopifyexpert
Feel Free to ask.
Thanks
#virtualassistants #virtualassistant #virtualassistantservices #virtualassistantforhire  #va #administrativeassistant #womeninbusiness #smallbusiness https://t.co/QKotEClwyO",1.3114122714915471e+18
40,2020-09-30 21:15:12,CoolDealCA,"Pearly Whites 🦷 

Bright Teeth Whitening Kit with LED Light Mouth Tray for $19.86!!

#freebies #deals #deal #moneysaver #greatdeal #steals #discount #sale #bargain #bargainhunter #bargainshopper #cheap #bestprice #Amazon  #Deals #giveaway #Deal #ganga

 https://t.co/BVSqlJqbJD https://t.co/VOgcctte5q",1.3114143174478193e+18
41,2020-09-30 21:06:48,VictoriaAmidou,https://t.co/UiY3A0gmds #VictoriaAmidou #MotivationalMinutes #availablenow #amazon #wednesday #wednesdaywisdom #loveyourself #respect #honor #joy #remember #youareenough #youareworthit #nevergiveup,1.3114122031915008e+18
42,2020-09-30 21:16:17,earlgreyteco,誰もボクを見ていない: なぜ17歳の少年は、祖父母を殺害したのか (ポプラ文庫) https://t.co/QLm0wOSeLh #Amazon,1.3114145869485015e+18
43,2020-09-30 21:13:04,INDIEBOOKSOURCE,"BOOKS BY
https://t.co/sqx4iwFg8K
AUTHOR PAMELA JEAN HORTER-MOORE
#Books #IARTG #Kindle #Amazon #ReadIndie #indieauthors #ian1 #bookboost
#Authors @rcarter67606 @JPCarter47 @PamelaHorter https://t.co/ApNKnanLIB",1.3114137797422326e+18
44,2020-09-30 21:08:20,hispachollos,"🌀 Clatronic RK 3566 Arrocera, capacidad 3 litros para 2,5 kg arroz hervido, 700 W, 2000 W, 2.5 litros, Blanco. #Amazon 🇪🇸

💶 Precio oferta: 29,9€ 💥 (PVP normal: 39,9€)

💳 Enlace: https://t.co/DDDh5iL7E3

✨ 30 días gratis de Amazon Mu ...
https://t.co/FLPd4MOsgD
#chollo",1.311412588614488e+18
45,2020-09-30 21:07:30,bargainnerd,"EARLY AMAZON PRIME DAY DEAL!!! 2 ECHO DOTS FOR ONLY $39.99!!! $10 OFF BELOW!!!

https://t.co/Rkmdls4NMg

#Echo #EchoDot #alexa #Amazon #AmazonWishList #AmazonEcho #gadgets #smarthome #electronics #AmazonMusic #AmazonPrimeDay #deals #bargainnerd https://t.co/EGOdPuQ5iJ",1.3114123764749148e+18
46,2020-09-30 21:14:32,hispachollos,"🌀 JACK &amp; JONES JACLICHFIELD TRUNKS 3 PACK, Bóxer Hombre, Multicolor (Burgundy), Medium. #Amazon 🇪🇸

💶 Precio oferta: 15,49€ 💥 (PVP normal: 24,95€)

💳 Enlace: https://t.co/I4EeF2Xgp5

✨ 30 días gratis de Amazon Music Unlimited : https ...
https://t.co/Lr3ThisPtH
#chollo",1.311414148929069e+18
47,2020-09-30 21:15:11,NextSeasonTV,"Did Amazon Renew Tumble Leaf Season 6? Renewal Status and News 
.
https://t.co/waOpPFlete 
. 
#TVshows #Amazon #WhatToWatch #NextSeasonTV #Renewals",1.311414310682452e+18
48,2020-09-30 21:16:00,avdrst,"Pay with your palm? @amazon unveils #biometricID, touting convenience and testing customer trust https://t.co/Pv6wlVqkbO via @geekwire #amazon #privacy #biometrics",1.3114145175832945e+18
49,2020-09-30 21:18:16,soso_piano,"アルバム「このほしのうた」（おきつななこ &amp; 重松壮一郎）のネット配信を開始しました。ぜひこの機会にお聴きください！

https://t.co/NxzpkuoM4s

#iTunes #AppleMusic #amazon #spotify #GooglePlay #LINEMUSIC",1.3114150871026688e+18
,date,screen_name,tweet,tweet_id
0,2020-09-30 21:04:08,aVg,Trade unions urge #EU to investigate #Amazon effort to spy on #workers  https://t.co/924rK033zS,1.3114115302615654e+18
1,2020-09-30 21:05:21,kana_ogawa,"【コンピレーション】ベスト10
アイマリンプロジェクト コンピレーションアルバム【通常版】
https://t.co/mRYgFgxW2G #Amazon",1.311411838853161e+18
2,2020-09-30 21:05:03,AlanSomoza,¡El Tercer Volumen de la #aclamada #saga de #cienciaficcion ya a la #venta! ¡Disfruta de la mejor #cienciaficcion española en #Amazon ! ¡ #OrgulloVenusiano! https://t.co/8BJ31XvGpZ #España #Mexico #lectura https://t.co/3dcSahAVUM,1.311411759979397e+18
3,2020-09-30 21:03:02,TerryAdamsbook,"#terryadams #nonpuoibaciarelasposa #loveinabag #ilfidanzatomelotrovodasola #hofattogoalneltuocuore 
#kindle #kindleunlimited #amazon #romanzorosa #nuovalettura #kindlestore
#recensioni #libri #ebook #amore #matrimonio #sposa #bacio #baciare https://t.co/8GTaXM8mPO",1.311411255970861e+18
4,2020-09-30 21:04:51,take12200625,"絶賛予約受付中🤩

【先着特典】アカシア盤
 「アカシア / Gravity」 (CD＋DVD＋グッズ) 
BUMP OF CHICKEN

#BUMPメジャーデビュー20周年 
#Amazon

https://t.co/XoK9jQfikk",1.3114117109981348e+18
5,2020-09-30 21:01:57,IbrahimAlbtoush,"Princess Coloring Book: Activity coloring book for adult , Activity coloring ...
#kdp 
#ColoringBook
#Amazon
#coloring
https://t.co/SQQ8E26y3c عبر @amazon",1.3114109830642852e+18
6,2020-09-30 21:05:37,kana_ogawa,"【コンピレーション】ベスト10
NS67 バスティン コンピレーションアルバム レベル2
https://t.co/LOcFo39uAB #Amazon",1.3114119051441275e+18
7,2020-09-30 21:01:40,TheInStockRoom,"***New Deal***
Household Essentials Natural M...
Reduced from $59.99 to $23.78
https://t.co/Kw4qdKur4K
#Deals #newDeals #Amazon https://t.co/9eR8Uc1jXQ",1.3114109090432e+18
8,2020-09-30 21:05:06,kana_ogawa,"【コンピレーション】ベスト10
NS66 バスティン コンピレーションアルバム レベル1
https://t.co/a7dRbw6lZE #Amazon",1.3114117724992225e+18
9,2020-09-30 21:01:46,CoolDealCA,"💲💰
Household Essentials Natural M...
Reduced from $59.99 to $23.78

# #Deals #new #Deals #Amazon  #Deal #ganga

 https://t.co/hjSQwurFqE https://t.co/qEDma9MNB3",1.3114109336385372e+18
10,2020-09-30 21:02:15,amzn_deals_us,"https://t.co/GIFgSE7T9q PoyPet No Pull Dog Harness, Reflective Vest Harness with 2 Leash Attachments and Easy Control Handle for Small Medium Large Dog #Amazon #Deal https://t.co/UsEGm1C4Kj",1.3114110558311916e+18
11,2020-09-30 21:03:00,EmilyLiebtag,"OUT NEXT WEEK FROM @dribram Be Antiracist: A Journal for Awareness, Reflection, and Action https://t.co/n1PjMgS3UL #Amazon",1.3114112437822054e+18
12,2020-09-30 21:04:27,31415926535B,"#amazon Delivery Delay
We don't have an exact time from the driver but we recommend waiting as it should arrive soon.
If you don't receive it by then, please contact us and we'll help you out. Pardon me?",1.311411610070782e+18
13,2020-09-30 21:01:23,quixote77,Surrender to God's Call:  Who Will Go for Us. New book now on #Amazon #Kindle https://t.co/phltJUNyva,1.3114108371989545e+18
14,2020-09-30 21:04:06,amzn_deals_us,"https://t.co/jDp4xyIpeE Twinkle Star Wild Bird Feeder Hanging for Garden Yard Outside Decoration, Hexagon Shaped with Roof #Amazon #Deal #HexagonShapedwithRoof #TwinkleStar #GAR528 https://t.co/CSNyQFO43U",1.311411524288815e+18
15,2020-09-30 21:03:51,FC_highmountain,【正直予約特典微妙www】SEGA サカつく プロサッカークラブをつくろう! 予約特典 ゴン中山＆ローラ プレミアムプロダクトコード 付 https://t.co/757kcF9AyY #サッカー #サカつく #中山雅史 #Amazon https://t.co/1VFD70qlFm,1.3114114611015107e+18
16,2020-09-30 21:03:02,AgenciaAJN,"“#Borat”, protagonizada por Sacha Baron #Cohen, tendrá su secuela en #Amazon Prime Video #SachaBaronCohen #AmazonPrimeVideo @PrimeVideoLat @PrimeVideoES @SachaBaronCohen 
 https://t.co/QVA67vHaCD",1.31141125412531e+18
17,2020-09-30 21:04:13,scottalanturner,"Start your #journey to debt-free living today with my best-selling #book, 99-Minute Millionaire- only on #Amazon! 

#debtfree #financialfreedom #moneysaver #savings #rich #bossmoves #generationalwealth #roadtofreedom #personalfinance #ebook #kindle #paperback #readme",1.311411550700417e+18
18,2020-09-30 21:01:49,benrideotoku22,赤ちゃんにおすすめのベビーフード・離乳食まとめ！厳選5� 【続きは記事で！】 https://t.co/r8CIGgjxil #amazon,1.311410948251349e+18
19,2020-09-30 21:05:17,rakten_kaden_,"10/01 06:05

ポット 電気 電気ポット 3L IAHD-030-
【楽天】5680円
【Amazon】5871円

★楽天で購入すると★
 191円 お得（お得率3％）

↓お得な情報を一覧で確認出来るサイト
https://t.co/kMQYxgL6Rh

#楽天市場 #Amazon #お得 #せどり https://t.co/SMKnS776Yr",1.3114118193537597e+18
20,2020-09-30 21:05:16,kana_ogawa,"【コンピレーション】ベスト10
澪(MIO)コンピレーションアルバム
https://t.co/mnLk99us6Y #Amazon",1.3114118166988472e+18
21,2020-09-30 21:01:56,_GayRomReviews,"Starting from Here (Book 3) by Lane Hayes is live!
📗 https://t.co/HU5SrKciDO

📚 Catch up with the series here: https://t.co/IW9Ovo9jJY
 
#GayRomanceReviews #GRR #LaneHayesAuthor #contemporary #bisexual #boyswholikeboys #mmromance #newrelease #series #Amazon #Goodreads #Kindle https://t.co/YdPtrWSeiP",1.311410977309692e+18
22,2020-09-30 21:05:42,kana_ogawa,"【コンピレーション】ベスト10
B-PROJECT~鼓動*アンビシャス~ コンピレーションアルバム
https://t.co/rHBGJhp63W #Amazon",1.3114119270257623e+18
23,2020-09-30 21:05:32,FortyTravel,Here’s how to score an easy $20 toward Amazon’s Prime Day sale https://t.co/BJaWczGvRS #News #Amazon https://t.co/qfjuaLq2lH,1.311411882700411e+18
24,2020-09-30 21:04:00,atushi5107,相互フォロー推進ですフォロー返し１００％だよ　#followmeJP　#sougofollow　#followdaibosyu　#followme　#amazon,1.3114114955744625e+18
25,2020-09-30 21:03:38,2BRUKREW,"@ElleryFenn We think the best literature is coming from a wave of new #indieauthors self-published on #Amazon. It's like a cultural revolution of new ideas, artforms &amp; amazing books w/ fresh takes on the literary arts. 
https://t.co/B5iznykCQC
#Authors #writerslife #writers #WritingCommunity https://t.co/RmJyQFTA4K",1.3114114060219105e+18
26,2020-09-30 21:06:03,AlanSomoza,¡El Tercer Volumen de la #aclamada #saga de #cienciaficcion ya en #venta! ¡Disfruta de la mejor #cienciaficcion española en #Amazon ! ¡ #OrgulloVenusiano! #España #Mexico #lectura #recomendada https://t.co/8BJ31XvGpZ https://t.co/NsGLYC7Fmh,1.311412013646721e+18
27,2020-09-30 21:04:07,rosaneraromanzo,"La sinossi di #rosanera

#rosaneraromanzo 

#libri #libridaleggere #librichepassione #libriconsigliati #leggere #bookstagram #books #bookslover #libriamo #fantasy #fantasybooks #fantasyworld #bookstagramitalia #amazon #kindle #amazonkdp #amazonkdpwriter https://t.co/NxpAZTxhD5",1.3114115263566602e+18
28,2020-09-30 21:02:30,orangelife619,"おはようございます_(._.)_
今日から10月ですね・・
面白いツールをスタッフが作りました
amazonでお買い物する時は是非と思います。
https://t.co/Ec4fkb4IkE
で問い合わせて下さい

朝から長男の弁当作り頑張りました
今日もボチボチ頑張りましょう
#パニック障害 
#Amazon 
#リモートワーク 
#下請 https://t.co/crj3jYZlba",1.3114111205743575e+18
29,2020-09-30 21:04:21,XperienceDope,"Blasting Brockhampton - I Been Born Again (Club) right now on Pretty Dope Xperience Radio aka #BlackPandora

listen now and catch a wave!! https://t.co/VqKFopeoex  #nowplaying #np #RT  #NowStreaming #Streema Download Now #Alexa #GooglePlay #iOSAppStore #Amazon #",1.3114115875180175e+18
30,2020-09-03 18:26:48,LenovoLegion,"Lenovo Legion x @PlayApex
Now is your chance to rise above the rest. 
Unmatched performance, purposeful engineering, modern design.
Gear up with a machine as savage as you are.
Stylish outside.
Savage inside.",1.301587465258578e+18
31,2020-09-30 21:01:31,MarkofOdin,#AmazonPrime users don't miss Mark of Odin: The Awakening! Get your paperback edition now and embark in an incredible saga where #modernwarfare meet #NordicGods #NorseMythology #ScienceFiction #books #sagas #Amazon https://t.co/LAilT2Yt05,1.3114108723010314e+18
32,2020-09-30 21:01:54,elsuperchollo,"🏆Descuento de campeonato🏆 #Amazon 

Challenger Iii Jacket Chaqueta De Hombre Para Hacer Deporte, Ropa De Deporte De Hombre I... 

Al rico chollo oiga❗❗ 68% 

💵 Precio desde 20,58 EUR

🔰 Enlace: https://t.co/S5S0fiuQUY 

🌐 https://t.co/hAaHxH2d5l https://t.co/sImqxG26cS",1.3114109681367368e+18
33,2020-09-30 21:05:32,kana_ogawa,"【コンピレーション】ベスト10
セツ泣きBEST[Hip Hop,Raggae,R&amp;Bの“配信メガ・ヒット""&amp;“極上セツ泣きソング""をカバーではない、オリジナル音源で全30曲収録!他にはない究極のセツナ系コンピレーション ! !]
https://t.co/BdUt99vOnM #Amazon",1.3114118831491523e+18
34,2020-09-30 21:04:35,Constance6352,#PrimeDayPhotos @amazonphotos...another successful me-day courtesy of #Amazon https://t.co/mxlQ3Nmqw3,1.311411645936218e+18
35,2020-09-30 21:03:05,amzn_deals_us,https://t.co/T5CbwD1Nuh LACOZY Women's Off Shoulder Long Sleeve Oversized Pullover Sweater Knit Jumper Loose Tunic Tops #Amazon #Deal https://t.co/rc97OzIb1x,1.311411268838994e+18
36,2020-09-30 21:05:02,BookTeasers,"We publish a variety of interesting #books listed on #amazon: #Architecture #Art #Biographies #Cooking #Health #Mathematics #Music #Nature #Politics #Religion and a variety of class-room tested books for #children.
Visit ➡️ https://t.co/04iGeDRlBB
#readers @WParksPublisher",1.3114117564603884e+18
37,2020-09-30 21:05:00,kana_ogawa,"【コンピレーション】ベスト10
誰も知らない泣ける歌 オフィシャル・コンピレーションアルバム
https://t.co/bHIVbVD2pN #Amazon",1.3114117506552545e+18
38,2020-09-30 21:03:52,darrenculbreath,"Draft #EU data rules target #Apple, #Google, #Facebook, #Amazon #ArsTechnica https://t.co/0CkXzPZLKW @arstechnica https://t.co/I8nVUxUakY",1.3114114649184993e+18
39,2020-09-30 21:01:25,LegalGlobalC,"Sé parte de los Inmobiliarios más exitosos de México con las mejores guías. 

Da clic aquí y descargarlos 👉🏻https://t.co/YhtmZgrgZe

#LegalGlobalConsulting #LibrosLuisRamírez #LuisRamírez #Amazon https://t.co/r4bM5zNbp8",1.3114108489723167e+18
40,2020-09-30 21:03:24,readinglistbook,Read The New Case for Gold  | #Kindle #Free #Amazon #Books #Romance #Reading #Book https://t.co/fr2uYrrssG,1.3114113447515177e+18
41,2020-09-30 21:03:04,screenrant,"All 72 Games Available On #Amazon Luna During (&amp; After) Early Access

https://t.co/fYtzAojHCi https://t.co/mccM7hNGkl",1.3114112644559544e+18
42,2020-09-30 21:02:24,JustKeepRowling,"Check out our latest #podcast #justkeeprowling #womenpodcasters #harrypotter #potterheads #harrypotterpodcast #podbean

Also available through #ApplePodcasts, #Spotify, #iHeartRadio, #Amazon, #Pandora, and #GooglePodcasts! https://t.co/3EsUCJLoes on #Podbean",1.3114110948173005e+18
43,2020-09-30 21:01:22,hispachollos,"🌀 Leepesx Termómetro infrarrojo sin contacto Termómetro IR digital LCD de alta precisión para bebés adultos. #Amazon 🇪🇸

💶 Precio oferta: 6,84€ 💥

💳 Enlace: https://t.co/HpWVRtIleH

✨ 30 días gratis de Amazon Music Unlimited : https: ...
https://t.co/eGqck38Tht
#chollo",1.3114108359364895e+18
44,2020-09-30 21:05:11,kana_ogawa,"【コンピレーション】ベスト10
「CUE DREAM JAM-BOREE 2014」コンピレーションCD
https://t.co/0MgqdJ7756 #Amazon",1.311411794540331e+18
45,2020-09-30 21:05:48,kana_ogawa,"【コンピレーション】ベスト10
Far Cry Compilation (輸入版:北米) - PS3
https://t.co/1d39B2F79I #Amazon",1.3114119490836152e+18
46,2020-09-30 21:04:42,AgenciaAJN,"Sacha Baron #Cohen's '#Borat' Sequel to be released on #Amazon Prime Video @SachaBaronCohen @PrimeVideo 
https://t.co/QVA67vHaCD",1.3114116730398106e+18
47,2020-09-30 21:01:21,SFUResidence,"Contest alert🏆🎉

#CoolestRoomsInRes is BACK and we're excited to be giving out #AMAZON 💳 to those with the best #SFUResidence rooms. Think yours beats the rest? Enter by sending 3-5 pics of your room. Email them to rescmns@sfu.ca📸

#SFU #SFUResLife #SFUCoolestRooms #RoomGoals https://t.co/lwAdbmhjKb",1.3114108285544038e+18
48,2020-09-30 21:05:27,kana_ogawa,"【コンピレーション】ベスト10
40周年記念コンピレーション ザ・角川映画スペシャル
https://t.co/fotv8jMxY9 #Amazon",1.3114118608271196e+18
49,2020-09-30 21:05:18,CoolDealCA,"Hanes Men's 5-Pack Sports-Inspired Cool Dri Boxer Brief for $11.95!!

#freebies #deals #deal #moneysaver #greatdeal #steals #discount #sale #bargain #bargainhunter #cheap #bestprice #Amazon  #Deals #giveaway #Deal #ganga

 https://t.co/egWF56LiV9 https://t.co/5q6Ycm7c98",1.311411825997738e+18
,date,screen_name,tweet,tweet_id
0,2020-09-30 21:00:48,yuki_nagase,"【R&amp;B】ベスト10
ヒプノシスマイク シンジュク・ディビジョン 「麻天狼 -Before The 2nd D.R.B-」
https://t.co/Rlo5JJGc51 #Amazon",1.3114106910650163e+18
1,2020-09-30 21:00:25,shinchaku,【発売日：2020/09/18】ゴールデンカムイ 23 (ヤングジャンプコミックスDIGITAL)  https://t.co/IpMnxIRBPp #amazon,1.311410596664017e+18
2,2020-09-30 21:00:03,regalivolgari,"Il vostro cane cammina sempre dove c'è più fango, pioggia, cacca, melassa: è una regola che non morirà mai. Per questo prima di farlo rientrare in casa è bene pulire le s... #cane #cani #amazon https://t.co/GfnFcrnlKJ",1.3114105020573e+18
3,2020-09-30 21:00:12,ParagonAlert,"#Amazon has introduced #AmazonOne, allowing customers at its Amazon Go stores to pay with a scan of their palm prints, which is linked to a credit card on file. Read how it works here: https://t.co/rJD2Jgulm6",1.3114105431152394e+18
4,2020-09-30 20:58:16,mrssmithspeaks,Is #amazon delivery down?,1.311410052583043e+18
5,2020-09-30 20:54:50,creativemm12,"👉https://t.co/FPP2miJY42 #amazon👈
💯👉Auto Follower👈💯
💯👉#自動相互フォロー👈💯

#followergenerator
#Disney
#Palantir
#Jessica #Simpson
#followermachine
#固定RT
#フォロバ100パーセント
#拡散希望RTお願いします
#TeamFollowback
#相互フォロー100
#bts
#seventeen",1.3114091891812434e+18
6,2020-09-30 21:01:14,amzn_deals_us,"https://t.co/EUtuplo2lk Original Stationery Unicorn Slime Kit Supplies Stuff for Girls Making Slime [Everything in One Box] Kids Can Make Unicorn, Glitter, Fluffy Cloud, Floam Putty, Pink #Amazon #Deal https://t.co/YhjhEuyCos",1.311410799403991e+18
7,2020-09-30 21:00:28,shinchaku,【発売日：2020/09/23】異世界薬局(6) (MFC)  https://t.co/1nZETuyOcs #amazon,1.3114106094734418e+18
8,2020-09-30 20:59:04,ykaa_gg,"Amazon で注文受付中です。
マリオカート ライブ ホームサーキット マリオセット (【https://t.co/l0UKPp5ZdF限定】収納巾着バッグ(H約43cm×W約34cm) 同梱)
https://t.co/3SYHfK7szi
#アマサー #Amazon",1.3114102579318252e+18
9,2020-09-30 21:00:27,yuki_nagase,"【R&amp;B】ベスト10
ヒプノシスマイク シブヤ・ディビジョン 「Fling Posse -Before The 2nd D.R.B-」
https://t.co/xoMWKKIgtz #Amazon",1.311410603219583e+18
10,2020-09-30 21:00:17,musicalbumrevi,"Ian Wayne - Risking Illness Music Album Reviews https://t.co/pFYhkqW8dM October 01, 2020 at 02:30AM #Music Album Reviews, Rock #blogger #2k20 #blog #MusicAlbumReviews #amazon",1.3114105615618294e+18
11,2020-09-30 20:55:03,Tux_Love,Special promotion. This month only! #Amazon #BookBuzz #AmReading #author #Suspense #Bookplugs https://t.co/LQV3ZdBv5f,1.3114092437323612e+18
12,2020-09-30 21:00:32,yuki_nagase,"【R&amp;B】ベスト10
ヒプノシスマイク イケブクロ・ディビジョン 「Buster Bros!!! -Before The 2nd D.R.B-」
https://t.co/RMpT9IWCUg #Amazon",1.3114106252690473e+18
13,2020-09-30 20:54:30,TheInStockRoom,"***New Deal***
Gatorade and Muscle Milk at Am...
New price 25% off
https://t.co/y27qnXEdOK
#Deals #newDeals #savings #Amazon https://t.co/hvUoXDFrBZ",1.3114091054505288e+18
14,2020-09-30 21:00:17,masvendidos,"New post in DESCUENTAZOS #Amazon [CANAL]: DESCUENTO #Amazon 
Boxeo Midbass WRAPSCBLK-V5 in-...ricular con Classic Wrap Negro ha bajado un 67.07% (12,20€) de 18,19€ a 5,99€
https://t.co/CX8oWDK7Y1

#amazon #ofertas #descuentos #chollos https://t.co/yEvCPxuWCp",1.31141056323951e+18
15,2020-09-30 20:55:16,rakten_kaden_,"10/01 05:55

ロボット掃除機 DEEBOT OZMO 920 高
【楽天】39800円
【Amazon】44800円

★楽天で購入すると★
 5000円 お得（お得率13％）

↓お得な情報を一覧で確認出来るサイト
https://t.co/kMQYxgL6Rh

#楽天市場 #Amazon #お得 #せどり https://t.co/3eOQdcVJtM",1.3114092994033377e+18
16,2020-09-30 20:59:01,victoriaecordon,#ElCorteInglés lanza su 'app' con tarifa plana anti #Amazon para vender 1.800 M #online https://t.co/5vAtfQ7Hh8,1.3114102419601285e+18
17,2020-09-30 20:59:25,AsatruCommunity,"If you are in the #military, a #veteran, or a #first #responder, please use this link to request a #free #Havamal:
https://t.co/brDvcAEfpX

Otherwise get yours here:

#Amazon Link: https://t.co/KiekiZGW9g https://t.co/u2oC8yFxkb",1.3114103433236562e+18
18,2020-09-30 20:54:32,hispachollos,"🌀 Max Factor Lasting Performance Spray Fijador, 100 ml. #Amazon 🇪🇸

💶 Precio oferta: 3,94€ 💥 (PVP normal: 9,5€)

💳 Enlace: https://t.co/dKCVoBEMX3

✨ 30 días gratis de Amazon Music Unlimited : https://t.co/dnJe9X8AvY

👁 Visto en Hisp ...
https://t.co/wdPbJ6UUDv
#chollo",1.3114091155084861e+18
19,2020-09-30 20:57:03,AlanSomoza,¡El esperadísimo #volumen 3 de la #saga de #moda en #cienciaficcion ya en #venta! ¡#Disfruta de #Algoparaleer en #Español #Amazon ! ¡Todos los #lectores #enganchados! #España #Mexico #lectura https://t.co/8BJ31XvGpZ https://t.co/f2uSjEMZRx,1.3114097485631652e+18
20,2020-09-30 21:00:11,yuki_nagase,"【R&amp;B】ベスト10
R&amp;Bギターの技法 200のフィル・イン＆コード・ワークで紐解く応用術(CD2枚付) (リットーミュージックムック)
https://t.co/QwUPMSmhPQ #Amazon",1.311410537519956e+18
21,2020-09-30 21:00:03,AlanSomoza,"¿#SciFi en #Español ? ¡El volumen 2 de la aclamada serie de #CienciaFicción #española por fin en venta!¡Descubre el monstruo #capitalista que se esconde tras la Confederación! #libros #literatura #lectura #ebook #Amazon , https://t.co/cJDwKujOJF 
#Mexico #España https://t.co/EdwuNbfWvb",1.3114105038104166e+18
22,2020-09-30 21:00:17,buybooks_amazon,#BestBooks #Amazon #Leadership : THE END OF AVERAGE: HOW WE SUCCEED IN A WORLD THAT VALUES SAMENESS --&gt; https://t.co/wuSh1txuyv,1.311410562576728e+18
23,2020-09-30 21:00:13,TheInStockRoom,"Save up to 35% on ZonePerfect products
#amazon  

https://t.co/pMDjFF4HJD https://t.co/iOuMybUlSz",1.311410545522864e+18
24,2020-09-30 21:00:48,amzsuspends,Get Your Amazon Seller Account Reinstated Today. Contact Now #amazon #suspend https://t.co/TUJCP7xq45,1.3114106926800282e+18
25,2020-09-30 21:00:06,yuki_nagase,"【R&amp;B】ベスト10
洋楽 DVD 123曲 3枚組 史上最高の究極辞書 コレを観ずにR&amp;Bは語れない R&amp;B DICTIONARY 1988-2020 - DJ MOVEMENT 3DVD 33年間の歴史を振り返る 伝説のR&amp;B 名曲大全集
https://t.co/9HUMbQE0jU #Amazon",1.3114105154034033e+18
26,2020-09-30 21:00:27,shinchaku,【発売日：2020/09/23】ＧＩＡＮＴ　ＫＩＬＬＩＮＧ（５６） (モーニングコミックス)  https://t.co/PS1gJcm6vf #amazon,1.3114106040627692e+18
27,2020-09-30 21:00:00,AriaRaeBlossom,"✨ PREORDER ALERT! ✨
21 Happily Ever Afters only $0.99! 
These heroes and heroines are lost without each other ... but obstacles stand in their way. https://t.co/sJrF9Y60Py #romance #amreadingromance #kindle #nook #ibooks #hea #amazon #books #readers #99cents #ebook #eReaders https://t.co/eBJhPDUQaa",1.3114104921797222e+18
28,2020-09-30 20:54:50,byLilyV,"Get #IT #CERTIFIED 
One lesson, four #AWS certificates!
Enrol https://t.co/MTTCw6V3Vu
#cloudcomputing #amazon #cloud #certification https://t.co/QsltYL2Bqq",1.3114091899783455e+18
29,2020-09-30 21:00:16,rakten_kaden_,"10/01 06:00

＼高評価レビュー多数／洗濯機 7kg 全自動 IA
【楽天】29800円
【Amazon】30800円

★楽天で購入すると★
 1000円 お得（お得率3％）

↓お得な情報を一覧で確認出来るサイト
https://t.co/kMQYxgL6Rh

#楽天市場 #Amazon #お得 #せどり https://t.co/lml6jxKcjf",1.3114105593009848e+18
30,2020-09-30 20:54:46,FEARLESS7123,"#Prime Members can get 2 (yes TWO) #Amazon #EchoDot  (3rd Gen) - Smart speaker with Alexa for just $39.99  Limited time offer!
https://t.co/OcNleielcl via @amazon",1.311409173695955e+18
31,2020-09-30 21:00:04,Shopivatemarket,"STQ Women's Running Shoes Breathable Air Cushion Sneakers
Buy from Amazon⬇️
Link:https://t.co/ZjqgjXyuJ1
#STQ #Women #Running #Shoes #Sneakers #Amazon https://t.co/sJmpeNgoX7",1.311410507723821e+18
32,2020-09-30 20:55:18,77kingsol77,"Get tuned in. #YourCoolUncsPodcast wit @shadecobain and @77kingsol77 on #spotify #applepodcasts #podomatic #amazon #phuckery #urbanvoices #nofucksgiven #comedy
Spotify: https://t.co/0joppTqFzo
 Apple Podcasts: https://t.co/2vPv40hmCt
Amazon: https://t.co/GdtNPGkV7j",1.3114093061647606e+18
33,2020-09-30 21:01:03,INDIEBOOKSOURCE,"THE ENDANGERED EARTHLINGS' HANDBOOK
https://t.co/EcFlNrDQHD
AUTHOR PAMELA ERICKSON
#Books #IARTG #Kindle #Amazon #ReadIndie #indieauthors #ian1 #bookboost
 @HollowManSeries https://t.co/aJAYw30YRu",1.311410756374737e+18
34,2020-09-30 21:00:01,yuki_nagase,"【R&amp;B】ベスト10
MELLOW R&amp;B HITS-聴き飽きない美メロBGM-
https://t.co/uVrR82Vc4W #Amazon",1.3114104931819807e+18
35,2020-09-30 20:59:02,Andalusio,"Hey, I'm at #GoodReads, with ""Maria the Vampire Princess: The Sleeping Heir"" on showcase. You can check out the book here -&gt; https://t.co/yhwIqGMMs0 (Make sure to hit ""Want to Read"" to boost my book's stat if you really want to read it.) | #AmazonKindle #Amazon #BookReview #book https://t.co/ZF8RLks6JQ",1.3114102489226732e+18
36,2020-09-30 20:54:36,FreebieDepot,►► SCORE! Find Out How to Get $10 #Free to Spend at #Amazon ►► https://t.co/mq7C8PKAa8 ►► #AmazonPrime #AmazonPrimeDay #FREEStuff #Freebie #PrimeDay ►► @FreebieDepot https://t.co/3KGGioIbIA,1.3114091328980541e+18
37,2020-09-30 20:55:00,shadowconn,"Writer's Digest Magazine

https://t.co/SWnydvy3qX

#amazon @amazon #fiction #writing",1.3114092311244636e+18
38,2020-09-30 20:57:21,farinelli_l,"Chelsey se convirtió en una campeona que lideró el ranking de tenis por mucho tiempo, pero lo dulce de la miel se volvió amargo, gracias a su ego...

#LGBT #lesb #libro #romance #Kindle #KindleBooks #Amazon #amazonbooks #novela #novelaromántica 

https://t.co/Yvmwqn471v",1.311409823775363e+18
39,2020-09-30 21:00:00,AlphaRepricer,"Before your Coffee gets cold.

https://t.co/DWHYDAMwZ8

#Amazon #AmazonRepricer #AlphaRepricer #Sellers #OnlineSellers #FBA #AmazonBusiness #amazonmarketplace #fbasellers #USA #Iowa #California #NewJersey #Vermont #NewYork #Utah #Washington #Alaska #Georgia #Texas #Virginia https://t.co/eXNL16iNdd",1.311410489755349e+18
40,2020-09-30 21:00:40,shinchaku,【発売日：2020/09/19】20代で得た知見  https://t.co/G1GDDWHAYn #amazon,1.3114106579176366e+18
41,2020-09-30 21:00:22,yuki_nagase,"【R&amp;B】ベスト10
Gimme The Mic -Rule the Stage track.1-
https://t.co/D00FZb2FiT #Amazon",1.311410581308498e+18
42,2020-09-30 20:59:55,livro_bingo,"O Kindle Unlimited é o serviço de assinatura da Amazon que permite alugar livros. A biblioteca é imensa, mas há quem não goste muito dos títulos disponíveis.

Então, decidi escrever sobre a plataforma. 

Acesse o link: https://t.co/iadq9KXWbP

#amazon #kindle #kindleunlimeted https://t.co/kvuJuhrRFV",1.3114104711662387e+18
43,2020-09-30 21:00:16,yuki_nagase,"【R&amp;B】ベスト10
狂気の序章
https://t.co/jtjkD4D8GF #Amazon",1.3114105594226196e+18
44,2020-09-30 21:00:43,yuki_nagase,"【R&amp;B】ベスト10
Gimme The Mic -Rule the Stage track.1-
https://t.co/lI9E3ZLkHp #Amazon",1.3114106691623567e+18
45,2020-09-30 20:56:31,DasaniLavinia,"Only 6 days left?
Head to https://t.co/3jkitgXtSe for more info
#newbookalert #newbook #event #booklaunch #Live #liveevent #author #writer #wattpad #amazon #kindle #smashwords #barnesandnoble #nook #writerslife #BookRecommendation #BookBoost #book #novel #fiction #spy #romance https://t.co/tRMo3TXL8K",1.3114096127597855e+18
46,2020-09-30 20:58:25,Info_forever01,CHANEL(シャネル) エゴイスト プラチナム EDT 100ml 【並行輸入品】  https://t.co/wgceXxpKq6　シャネル(*´∀`*)　#amazon #beauty #beautiful #happy #life #cosme #bodycare #skincare #everyday #chanel #シャネル,1.311410092919718e+18
47,2020-09-30 21:00:32,shinchaku,【発売日：2020/09/12】カラオケ行こ！ (ビームコミックス)  https://t.co/4juBhTkYPy #amazon,1.3114106242667233e+18
48,2020-09-30 21:00:03,AlanSomoza,"¿#SciFi en #Español ? ¡El volumen 2 de la aclamada serie de #CienciaFicción #española por fin en venta!¡Descubre el monstruo #capitalista que se esconde tras la Confederación! #libros #literatura #lectura #ebook #Amazon , https://t.co/cJDwKujOJF 
#Mexico #España https://t.co/rm97DWNbAz",1.311410503126782e+18
49,2020-09-30 21:00:37,yuki_nagase,"【R&amp;B】ベスト10
劇場版ウルトラマンR/B セレクト! 絆のクリスタル [DVD]
https://t.co/rMrasRD365 #Amazon",1.3114106471507313e+18
,date,screen_name,tweet,tweet_id
0,2020-09-30 20:48:00,CartCake,"Learn the advanced strategies for #Amazon PPC and see how you can use it to grow your business. @smartminded3 #eCommerce
https://t.co/wsg5fxHasZ",1.311407471328727e+18
1,2020-09-30 20:47:21,Mixage2MRecords,"Le grandi emozioni Vol.1
https://t.co/Pff4BtPPOO
#Mixage #Karaoke #караоке #卡拉OK #カラオケ #basimusicali #instrumental #basi #iphone #ipad #ipod #googlemusic #amazon https://t.co/03MuErQDPV",1.311407305976615e+18
2,2020-09-30 20:43:37,BestDea69115634,"💥Apple Watch Link Bracelet (42mm) - Space Black 

#Deals #AppleWatchSeries6 #Amazon #5Gsfor5G

https://t.co/6eAwCCFqkm",1.311406366062379e+18
3,2020-09-30 20:52:04,Unpaid_Program,"Our latest episode of the #podcast is out! Check it out wherever you get your podcasts... Like #Amazon! #comedy #WWE #Politics 

https://t.co/E0IvAoQgk3",1.3114084928095314e+18
4,2020-09-30 20:45:20,creativemm12,"&lt;Current Weather&gt;
Chicago
Temperature: 59.85°F/ Status: clouds
👉https://t.co/qxF3Rutw7v #amazon👈
💯👉Auto Follower👈💯
💯👉#自動相互フォロー👈💯

#拡散希望RTお願いします
#Donald #Trump #Jr
#Henrik #Lundqvist
#Jessica #Simpson
#followergenerato",1.3114067982643937e+18
5,2020-09-30 20:49:28,JoseAntonioHG5,"El primeday 2020 será el 13 y 14 de Octubre preparen sus carteras para estos dos días de grandes ofertas 👌

#Amazon #PrimeDay #Octubre https://t.co/Va8KzHg79P",1.311407839349543e+18
6,2020-09-30 20:51:46,ImranKh36130145,"@seanhannity My New Logo Design

https://t.co/3JKpFrhf5Z

#dribbble #logo #logodesign #logos #graphicsdesigner #designlogo #Amazon https://t.co/qHusVsqH2d",1.3114084200801608e+18
7,2020-09-30 20:53:48,XperienceDope,"Blasting Tyla Yaweh, YG - I Think I Luv Her (Club) right now on Pretty Dope Xperience Radio aka #BlackPandora

listen now and catch a wave!! https://t.co/VqKFopeoex  #nowplaying #np #RT  #NowStreaming #Streema Download Now #Alexa #GooglePlay #iOSAppStore #Amazon #",1.311408929923117e+18
8,2020-09-30 20:50:44,XperienceDope,"Blasting Jee Sick - Business Man  right now on Pretty Dope Xperience Radio aka #BlackPandora

listen now and catch a wave!! https://t.co/VqKFopeoex  #nowplaying #np #RT  #NowStreaming #Streema Download Now #Alexa #GooglePlay #iOSAppStore #Amazon #",1.3114081582508524e+18
9,2020-09-30 20:47:15,hispachollos,"🌀 Battlefield 5 (La caja contiene un código de descarga - Origin). #Amazon 🇪🇸

💶 Precio oferta: 19,95€ 💥 (PVP normal: 39,99€)

💳 Enlace: https://t.co/ohiNOIxYky

✨ 30 días gratis de Amazon Music Unlimited : https://t.co/dnJe9X8AvY

 ...
https://t.co/E3AH7aH1oM
#chollo",1.3114072807059907e+18
10,2020-09-30 20:45:04,lindslikesdata,"#Amazon can't have all the fun, right? @Tinuiti's Sr. Dir. of #Marketplace Strategic Services, Elizabeth Marsten, will be joined by @NaturesPath to cover it all: @Walmart, @Target, @Instacart, @Criteo, @Kroger &amp; more! Save your seat: https://t.co/6nHVZvTWgb https://t.co/z7ivXb7IKK",1.3114067331856138e+18
11,2020-09-30 20:40:14,blogosum,"#Books to cut the #road: Traveling with the Innocents Abroad by Dr. Daniel Morley McKeithan Ph.D

 https://t.co/92W4hKi9dq

 #amazon #amazondeals #deals #travel #goodbook #reading #story #book #readbooks #favoritebooks #motivation #inspiration https://t.co/MMy38t2M6m",1.3114055159356088e+18
12,2020-09-30 20:51:28,susanas4321,Coronavirus Scotland: Further 12 workers at Fife #Amazon depot catch virus taking total to 15 rt https://t.co/1R8YXTfpFk,1.3114083431188767e+18
13,2020-09-30 20:51:05,INDIEBOOKSOURCE,"BOOKS BY
https://t.co/rWkOkcKr6K
AUTHOR PAMELA SCHLOESSER-CANEPA
#Books #IARTG #Kindle #Amazon #ReadIndie #indieauthors #ian1 #bookboost
 @PamSCanepa1 https://t.co/84PPNIK8Uq",1.3114082467673948e+18
14,2020-09-30 20:41:23,XperienceDope,"Blasting Wale, Rick Ross, Meek Mill - Routine (Club) right now on Pretty Dope Xperience Radio aka #BlackPandora

listen now and catch a wave!! https://t.co/VqKFopeoex  #nowplaying #np #RT  #NowStreaming #Streema Download Now #Alexa #GooglePlay #iOSAppStore #Amazon #",1.311405805040808e+18
15,2020-09-30 20:49:47,best_deals_US,"Raining discounts
Paper Mate Ballpoint Pen, Profile Retractable Pen, Medium Point (1.0mm), Assorted, 8 Count

Offer price: $0.69 (91% OFF!)
Retail: $7.45

https://t.co/oeCJ5ZXpUa

#Amazon #deals #RT https://t.co/C8lgyeVGvc",1.3114079217507082e+18
16,2020-09-30 20:45:24,JoelPintoRomero,"¿Quieres formarte por tu cuenta en #ventas ? Mi libro ""¿Vendedor?¿Yo? - Manual de ventas para #emprendedores"" te puede ayudar a tenerlo todo mucho más claro. De fácil lectura, un lenguaje sencillo. Te encantará. Búscalo en #amazon - #formacion #negocios https://t.co/JLMCEvlyO4 https://t.co/0h1r2kxRBW",1.3114068174031872e+18
17,2020-09-30 20:52:05,creativemm12,"👉https://t.co/kZYIJ8eoVd #amazon👈
💯👉Auto Follower👈💯
💯👉#自動相互フォロー👈💯

#followermachine
#Disney
#Henrik #Lundqvist
#Jessica #Simpson
#拡散希望RTお願いします
#TFW
#固定ツイートRT
#TFB
#500ADay
#FollowBack
#1000ADay
#TeamFollowBack",1.3114084998767534e+18
18,2020-09-30 20:50:59,chollosyoferta,"#Chollo #Amazon 63% DESCUENTO Evga geforce RTX 2080 ti XC Gaming, 11gb gddr6, Dual Fan hdb, RGB led, Backplate de Metal, Placa de vídeo 11g p4 2382 kr.

Precio oferta: 1520,05
Reacondicionado: 550,0

    👇👇👇👇👇👇👇
👉 https://t.co/IslcBWRiij https://t.co/tocw4a5TYZ",1.311408221509374e+18
19,2020-09-30 20:50:04,Idaean,"¿Quieres unirte al equipo de investigación que tratará de atrapar a Caronte, el asesino en serie que enamora a adolescentes tímidas y solitarias a través de Internet? Enlace Amazon: https://t.co/BHp8pMnrAy #Amazon #Kindle #policíaca https://t.co/TxKnZ8CTQv",1.3114079917999186e+18
20,2020-09-30 20:40:04,KathleenHarrym1,"#Books by @JohnRosePutnam

""It's always so enjoyable to come across a reading treasure such as John Rose Putnam's creative presentation of the old west!” #Amazon #BookReview
 
https://t.co/4PzD5jFS2T

Grab a copy, settle back and enjoy

#action #adventure #gr8books4u #mustread https://t.co/rqrg7WZzbq",1.311405476198912e+18
21,2020-09-30 20:52:01,angler_mx,Ya puedes pagar tus compras de #Amazon en efectivo directamente en tiendas #OXXO https://t.co/O6aP1DieZc https://t.co/ZIwrfkWYzm,1.311408483829461e+18
22,2020-09-30 20:40:03,MADShampoo,"MAD Shampoo
 Album
Everything you can imagine is real

#Spotify
#Applemusic
#iTunes
#Googleplay
#Amazon
#Deezer
https://t.co/nFkwcZqtFv",1.3114054722478408e+18
23,2020-09-30 20:52:09,TheInStockRoom,"Rarely on Sale 

30% off Today #LARQ #AMAZON 

https://t.co/QMORwXe5Sh https://t.co/j18RXjpsrQ",1.3114085167841812e+18
24,2020-09-30 20:51:19,developngrow1,"#Apple, #Google , #Amazon Then &amp; Now.
#developNgrow
Develop N Grow International https://t.co/gF3zOeCXls",1.31140830377225e+18
25,2020-09-30 20:45:15,rakten_kaden_,"10/01 05:45

シェーバー 充電式 3枚刃 髭剃り 水洗い 電気シ
【楽天】9380円
【Amazon】9400円

★楽天で購入すると★
 20円 お得（お得率0％）

↓お得な情報を一覧で確認出来るサイト
https://t.co/kMQYxgL6Rh

#楽天市場 #Amazon #お得 #せどり https://t.co/yLHyM6pQFp",1.311406779230679e+18
26,2020-09-30 20:50:00,StoriesOfTheDa1,"Candy corn #ombre on @3dRoseLLC
And @amazon! https://t.co/6qzp1RJa66
Sold! Thank you to the buyer!
#amazon #3drose #candycorn #halloween #facemask #candy",1.3114079762851144e+18
27,2020-09-30 20:40:41,DQ_XIII,PlayStation 5 (CFI-1000A01) https://t.co/M4PCR4ygSm #Amazon,1.3114056295677624e+18
28,2020-09-30 20:44:51,XperienceDope,"Blasting G-Eazy, Gunna - I Wanna Rock (Club) right now on Pretty Dope Xperience Radio aka #BlackPandora

listen now and catch a wave!! https://t.co/VqKFopeoex  #nowplaying #np #RT  #NowStreaming #Streema Download Now #Alexa #GooglePlay #iOSAppStore #Amazon #",1.3114066799306588e+18
29,2020-09-30 20:46:23,a_rinkosanpo,これ食べたいんだよねぇ〜🐄！でも高い…チーズのような濃厚さ！ギリシャヨーグルトATHENA(アテナ）【1kg×2個セット】 https://t.co/Lo2C3MOAxJ #Amazon,1.3114070631221535e+18
30,2020-09-30 20:51:02,AlanSomoza,"Cruzados de las Estrellas,Volumen 1 llega a la #Peluqueria @mamenbatrespelu #Parla @ViasLiterarias de @BarriosdeLetrashttp://leer.la/cruzadosv1La mejor literatura mientras esperas. #amazon #libros #literatura #lectura #ebook https://t.co/FUWhunLAb2",1.3114082354428436e+18
31,2020-09-30 20:44:13,DeniseSanger,Yes. Yes it is. Get this cute sign via amazon affiliate link here:  https://t.co/tv6AT8fNCP #amazon #ad,1.3114065175481344e+18
32,2020-09-30 20:44:59,1WorldIdentity,"Contactless solutions are skyrocketing (looking at you, COVID) - &amp; now #Amazon introduced a POS where you’ll insert a credit card, then hover your hand over the device to tie your palm with your card, using your palm as payment moving forward. @TechCrunch: https://t.co/9ep61La4gX",1.3114067131621294e+18
33,2020-12-04 16:50:25,ProcterGamble,"Everyone has the power to do SOMETHING. Tune in at 7 p.m. Dec. 10 to #TriState Strong: Getting to Zero to be inspired by how your neighbors &amp; familiar faces from health care, media and business have pulled together #TriStateStrong #GettingToZero",1.3349028910736097e+18
34,2020-09-30 20:41:57,unfrsakn,Remember @amazon Key is a paid Prime service. I opened the door remotely since I’m away from home. Still left it at the door. What’s the point in paying for this? @AmazonHelp #amazon #amazonkey #amazonprime https://t.co/ujmBuozUbM,1.3114059471605391e+18
35,2020-09-30 20:43:06,SeeCoupons,[45% OFF] ToiletTree Products Water Resistant Stainless Steel Nose and Ear Hair Trimmer with LED Light https://t.co/3WkWWXheOb #amazon,1.3114062388492165e+18
36,2020-09-30 20:44:01,Elizabe25191155,"This is our recent client job, If you need any kind
book cover design or graphic design work.
Feel free order here
https://t.co/ZyUby4A9hC
#kid book
#Amazon KDP
#illustation 
#FCBBVB
#Sommerhaus
#IPL 2020
#jikook
#shawn
#Quino
#Mafalda
#Supercup2020
#DonaldTrump 
#COVID19 https://t.co/A6sQAiWMF6",1.3114064692589978e+18
37,2020-09-30 20:51:04,ProyectoBrujula,"Lily James y Harry Styles en cine 🎥

Se rumora que las negociaciones estan en su etapa final para que la actriz y el cantante aparezcan en #MyPoliceman, la novela de Bethan Roberts ✍🏻, para #Amazon 🍿 https://t.co/XOTICD1xbh",1.3114082427870044e+18
38,2020-09-30 20:45:12,writeabooktips,I'll bet a lot of new #writers and #aspiring #authors don't know just how easy it is to #self #publish their first #novel or #nonfiction #book using #Amazon #KDP services. Read https://t.co/I2AGXAy1Hk for a few tips. https://t.co/sN9CCC3GKt,1.3114067672980398e+18
39,2020-09-30 20:45:55,ChigzTechReview,"NEW VIDEO: Powerful 2020 Fire TV Stick (3rd GEN) vs Fire TV Stick Lite - Comparison and Review -Which one to buy?
▶️ https://t.co/AnOS9Nt41W

---
#firetvstick #FireTVStickLite #Amazon https://t.co/BRk1j2Q7By",1.311406944918352e+18
40,2020-09-30 20:40:15,rakten_kaden_,"10/01 05:40

【あす楽 土日も即納】象印 NW-VH10-TA 
【楽天】16398円
【Amazon】24800円

★楽天で購入すると★
 8402円 お得（お得率51％）

↓お得な情報を一覧で確認出来るサイト
https://t.co/kMQYxgL6Rh

#楽天市場 #Amazon #お得 #せどり https://t.co/Oetqxe90f6",1.31140551944627e+18
41,2020-09-30 20:48:36,CoolDealCA,"💲💰
Crave Coffee Flavored Variety ...
#New  price $25 for Prime members via Sub &amp; #Save

# #Deals #new #Deals #savings #Amazon  #Deal #ganga

 https://t.co/WWaj3GMd0Q https://t.co/k6iMgumv7o",1.3114076222355866e+18
42,2020-09-30 20:40:30,hispachollos,"🌀 Under Armour Patterson Backpack Mochila, Unisex, Azul, OSFA. #Amazon 🇪🇸

💶 Precio oferta: 12,9€ 💥 (PVP normal: 26€)

💳 Enlace: https://t.co/u7U1hs6qOq

✨ 30 días gratis de Amazon Music Unlimited : https://t.co/dnJe9X8AvY

👁 Visto e ...
https://t.co/5bKwKqyFmn
#chollo",1.3114055849949266e+18
43,2020-09-30 20:50:07,Phase9tv,Good Girls Revolt Moments That Will Leave You Inspired | Prime Video - https://t.co/kKmQSteuuD #Amazon #Streaming https://t.co/430fCicdSR,1.3114080027470397e+18
44,2020-09-30 20:43:07,SeeCoupons,[50% OFF] Eedor High Waist Yoga Pants with Pockets Tummy Control Full-Length Workout Leggings for Women https://t.co/lf2qb3b2Ci #amazon,1.3114062404305224e+18
45,2020-09-30 20:45:03,experienceUHD,"🚨🚨We have really exciting news to share! #Amazon's @PrimeVideo will begin supporting #FilmmakerMode in 2021! 

AND @HisenseGlobal joined Panasonic, Vizio, Samsung, LG, Kaleidescape and Philips in supporting the feature! 🎥👏

Learn more: @MediaPlayNews: https://t.co/CmTASZkhYG",1.3114067293647544e+18
46,2020-09-30 20:48:30,TheInStockRoom,"***New Deal***
Crave Coffee Flavored Variety ...
New price $25 for Prime members via Sub &amp; Save
https://t.co/aEpZTctkwC
#Deals #newDeals #savings #Amazon https://t.co/WpvVo0QaQj",1.3114075963189862e+18
47,2020-09-30 20:50:16,rakten_kaden_,"10/01 05:50

アイリスオーヤマ　IRIS　単機能電子レンジ　「西
【楽天】5480円
【Amazon】6020円

★楽天で購入すると★
 540円 お得（お得率10％）

↓お得な情報を一覧で確認出来るサイト
https://t.co/kMQYxgL6Rh

#楽天市場 #Amazon #お得 #せどり https://t.co/bK88IGTGUV",1.3114080392666767e+18
48,2020-09-30 20:43:23,ElodieParkes,"Gorgeous, powerful #warlock, Indigo Vaughn, sells his magic spells to people looking to make a dream come true. Can he make his own wish happen? #gayromance #MMromance #fantasy #scifi @evernightpub 🏳️‍🌈💞
https://t.co/WSr9olOOp8
#Amazon📚 https://t.co/d3qhfwD1Ru https://t.co/8joikFAUtX",1.3114063086299054e+18
49,2020-09-30 20:53:17,Charlie_Cawood,"Regard - Ride It #bigtimeradio https://t.co/N76xPoatRr @Charlie_Cawood @BigTimeRadio1 @bigtime_news
 on #Amazon Echo &amp; App https://t.co/c7cZfm4MQo  #Top40 #Music 247 #Worldwide 3 #Radio #Stations 43 #Countries #Interviews #Billboard https://t.co/JiPHr6jZyC  #SUBMI",1.3114088022401065e+18
,date,screen_name,tweet,tweet_id
0,2020-09-30 20:40:00,Shaker_xviii,"@danielmaviiin @BusingyeJose Hello 😁❤️🌍
Sorry to disturb your Scrolling☺️ 
Kindly take a portion of your time And check out my second edition of #ShakerFreestyleSaturdays 
https://t.co/POVhDfRHyZ
 Please React , Retweet &amp; $hare to the world.🙏🏼 #PostOffice #Amazon
#JHBTraffic
[Follow @Shaker_xviii for More]",1.3114054560620216e+18
1,2020-09-30 20:35:10,CoolDealCA,"Home Office Laptop Desk only $59.99!!

#freebies #deals #deal #moneysaver #greatdeal #steals #discount #sale #bargain #bargainhunter #bargainshopper #cheap #bestprice #Amazon  #Deals #giveaway #Deal #ganga

 https://t.co/Hn8MXxcGQS https://t.co/iXPmpyh2Cr",1.311404239730729e+18
2,2020-09-30 20:35:47,kana_ogawa,"【ドラマCD】ベスト10
タマユラミライ バイノーラルボイスドラマCD 小伯白編
https://t.co/6M8bXfsJAB #Amazon",1.3114043985269514e+18
3,2020-09-30 20:35:16,kana_ogawa,"【ドラマCD】ベスト10
タマユラミライ バイノーラルボイスドラマCD 猫天宮花子編
https://t.co/WRpTCKYkNp #Amazon",1.311404267014484e+18
4,2020-09-30 20:36:41,andronaline,"Last Chance! Would you like to win a $50 Amazon Gift Card or PayPal Deposit? Check out this easy entry Gleam giveaway for a chance to #WIN

Open Worldwide

@GooseGiveaways #wingiftcard #wincash #amazon #paypal #winmoney #sweepstakes #giveaways https://t.co/qxX9s8n6Ai",1.3114046235263508e+18
5,2020-09-30 20:39:00,robertstanek,"Celebrating 20th Anniversary of Robert Stanek's Ruin Mist. 5 Million Readers + 17 translations

Learn more at all-new https://t.co/FG3CxTyFum. Choose your path + go!!

#bannedbooksweek #darngoodreads #freedomtoread 
#amazon #goodreads #bnscifi #libraryresources #business https://t.co/7UT42q8pSX",1.3114052050078515e+18
6,2020-09-30 20:32:02,FaydeEurope,"Check out Glenmuir Paloma Women's Performance Piqué Polo Shirt From Fayde Golf Europe https://t.co/d2Skvjidyt via @amazon
 
#Glenmuir #Amazon #Golf #Golfer #Fashion #Fashionista #Polo #GolfPolo #FashionPolo #LadiesPolo #PoloShirt #WorkAtHome #Comfort https://t.co/L2GxTtWZA5",1.3114034520614093e+18
7,2020-09-30 20:35:14,rakten_kaden_,"10/01 05:35

《レビューを書いたら洗濯ネットプレゼント》洗濯機 
【楽天】20980円
【Amazon】22500円

★楽天で購入すると★
 1520円 お得（お得率7％）

↓お得な情報を一覧で確認出来るサイト
https://t.co/kMQYxgL6Rh

#楽天市場 #Amazon #お得 #せどり https://t.co/56RWJc1Tw5",1.3114042599094108e+18
8,2020-09-30 20:34:00,robertstanek,"#bannedbooksweek When malicious targeting of my books stopped suddenly, I thought someone must have finally caught the #Amazon insiders responsible + someone had, the Justice Dept

https://t.co/HMWRuDx1Oo

@nytimes @nytimesbooks @seattletimes @oregonian @newyorkpost @startribune https://t.co/Mqyrl2bamn",1.311403946766934e+18
9,2020-09-30 20:35:28,alwaysrecommend,"Utopia on Amazon Prime is one of two shows I would call “Delightfully fucked up.” The other is Shameless. Both remakes. Go figure. Watch Utopia now. It’s a rabbit hole with rabbits. Total binge worthy.

#UtopiaOnPrime #utopia #amazonprime #amazon #conspiracy  #tvshow #virus https://t.co/e9VsxbpVad",1.3114043162012836e+18
10,2020-09-30 20:35:21,kana_ogawa,"【ドラマCD】ベスト10
【チラシ付き、映画パンフレット】劇場版 Fate/stay night [Heaven's Feel] III. spring song ドラマCD付き豪華版
https://t.co/l04jAReE3G #Amazon",1.3114042887997276e+18
11,2020-09-30 20:35:06,kana_ogawa,"【ドラマCD】ベスト10
【https://t.co/u4EfhPUCmC限定】RAINBOW(初回限定盤 CD+特典DVD)(ボイスドラマCD「浦島坂田船レンジャー」[スペシャルゲスト:浪川大輔、福山潤、吉野裕行]付き)
https://t.co/PPgdnptfqv #Amazon",1.3114042228946207e+18
12,2020-09-30 20:38:27,pvdkml,Join me in asking @FP_Champagne not to reward the destruction of the #Amazon! 🔥🔥 Immediately halt the Canada-Mercosur free trade deal &gt;&gt; #ActForAmazon #ClimateAction @GreenpeaceCA https://t.co/Rp3oE9smFs,1.3114050691082117e+18
13,2020-09-30 20:38:58,creativemm12,"#スイッチボット(SwitchBot) の SwitchBot スイッチボット スマートホーム 学習リモコン Alexa - Google Home IFTTT イフト Siriに対応 SwitchBot Hub Mini
https://t.co/o6yozWQ9IA
#TeamFollowback
#미국배송대행
#amazon
#Palantir
#Spitting #Image
#TAHITI #Ari",1.3114051975376732e+18
14,2020-09-30 20:35:01,chollosyoferta,"#Chollo #Amazon 81% DESCUENTO Deutsche Telekom Concept PA415, Digital, 100 entradas, 40 min, Monocromático, Azul, Escritorio

Precio oferta: 64,9
Reacondicionado: 12,33

    👇👇👇👇👇👇👇
👉 https://t.co/6oEswIgpFn https://t.co/IXcseNsUin",1.3114042048633897e+18
15,2020-09-30 20:35:27,kana_ogawa,"【ドラマCD】ベスト10
劇場版『Fate/stay night [Heaven's Feel]」Ⅱ.lost butterfly』 パンフレット ドラマCD付き 豪華版
https://t.co/14DHcugP4x #Amazon",1.3114043109162844e+18
16,2020-09-30 20:35:37,kana_ogawa,"【ドラマCD】ベスト10
タマユラミライ バイノーラルボイスドラマCD 水晶石みだり編
https://t.co/26Zp5lmgJr #Amazon",1.311404354881028e+18
17,2020-09-30 20:31:47,chollosyoferta,"#Chollo #Amazon 86% DESCUENTO IMC Toys Teksta Chien Robot interactif 24 cm (Dessin 96240)

Precio original: 113,54
Precio oferta: 99,95
Reacondicionado: 14,92

    👇👇👇👇👇👇👇
👉 https://t.co/KXGrVFzQBr https://t.co/qDm7rmUjvi",1.3114033881150013e+18
18,2020-09-30 20:39:02,Tux_Love,Searching for your next favorite read? #WritersLife #BookLovers #KindleBargains #Amazon #ReadersCommunity #BookBuzz https://t.co/8fgcX3mTBK,1.311405215963177e+18
19,2020-09-30 20:36:01,AmazonReviewES,"¡Good evening Choller@s!⁣
⁣
Aquí van los chollacos: 🤘 --&gt; https://t.co/jh4usbbGa3⁣
#chollos #amazon #rebajas #gangas #barato #otoño #autumn #winterIsComming #cool #bufanda https://t.co/ttvBGm8AZy",1.3114044531662807e+18
20,2020-09-30 20:34:43,ryu1chan,"@moomin_jp おはようございます😃
Alexaが5分後に雨になると言うものだから少し急いで家出たら、8分後に雨がポツリ☂️いやー正確だな。
#アレクサ #Amazon",1.3114041289338266e+18
21,2020-09-30 20:37:23,Charlie_Cawood,"Alice Merton - Lash Out #bigtimeradio https://t.co/N76xPoatRr @Charlie_Cawood @BigTimeRadio1 @bigtime_news
 on #Amazon Echo &amp; App https://t.co/c7cZfm4MQo  #Top40 #Music 247 #Worldwide 3 #Radio #Stations 43 #Countries #Interviews #Billboard https://t.co/JiPHr6jZyC  #SUBMI",1.3114047986427208e+18
22,2020-09-30 20:33:12,SolTaylorRdL,"➡️ Agárrame si puedes: https://t.co/JZ8ZlA0WkM

➡️ Agárrame si quieres: https://t.co/Mos3zRq6Jn

➡️ ¡Ahí te quedas!:️ https://t.co/rezND7EUOP

#kindle #KindleUnlimited #Amazon #romance #romantica #comedia #leer #eBooks #comediaromantica #novela #IARTG #ASMSG https://t.co/x65UzPqwZA",1.3114037480660337e+18
23,2020-09-30 20:36:43,Wunderschmatz,"Лан в книге: «Суровый немолодой воин. Волосы, которые поддерживает кожаная полоска, подернуты сединой, глаза холодно-голубые.»
Лан в сериале от «Амазон»: азиат. 🤷🏻‍♂️🤦🏻‍♂️ Мин Фаршав тоже.  Кастинг уровня Бог.
@Dermisson #КолесоВремени #TheWheelOfTime #WheelOfTime #Amazon https://t.co/m4XT64m5fF",1.311404631029936e+18
24,2020-09-30 20:39:27,numeokane1,"手持ちのEMSの腹筋トレーニングの交換用に20枚セットを購入しました。
早速交換してみましたが、粘着など問題なく使えています。
定期的に購入が必要となるシートなので、安く購入出来て良かったです。
#EMS #交換パッド #トレーニング https://t.co/E6OlTnztqa… #Amazon",1.3114053181322568e+18
25,2020-09-30 20:35:09,CoolDealCA,"Perfect home office addition 🏠

AstroAI Mini Fridge for $44.99!!

#freebies #deals #deal #moneysaver #greatdeal #steals #discount #sale #bargain #bargainhunter #cheap #bestprice #Amazon  #Deals #giveaway #Deal #ganga

 https://t.co/96Z5VAOnBM https://t.co/fS5e2yDWFa",1.3114042366856847e+18
26,2020-09-30 20:39:01,Savanna02249038,"This is our recent client job, If you need any kind
book cover design or graphic design work.
Feel free order here
https://t.co/Bvk6YnFN19
#kid 
#Amazon KDP
#uniqe 
#illustation 
#FCBBVB
#Sommerhaus
#IPL 2020
#jikook
#shawn
#Quino
#Mafalda
#Supercup2020
#DonaldTrump 
#COVID19 https://t.co/42aN9SNxFg",1.3114052086860636e+18
27,2020-09-30 20:36:10,XperienceDope,"Blasting Indo Slim - Tony Robbins  right now on Pretty Dope Xperience Radio aka #BlackPandora

listen now and catch a wave!! https://t.co/VqKFopeoex  #nowplaying #np #RT  #NowStreaming #Streema Download Now #Alexa #GooglePlay #iOSAppStore #Amazon #",1.31140449275213e+18
28,2020-09-30 20:36:34,chollosyoferta,"#Chollo #Amazon 46% DESCUENTO Celestron ExploraScope AZ   Telescopio astronómico (70 mm de Apertura, 700 mm de Distancia Focal, f/10 de relación Focal) Color Verde y Negro

Precio oferta: 114,0
Reacondicionado: 60,98

    👇👇👇👇👇👇👇
👉 https://t.co/Qbhs3sqrHU https://t.co/WxWkiNmMW9",1.311404595684561e+18
29,2020-09-30 20:32:10,XperienceDope,"Blasting Sonyaé - Princess Goat  right now on Pretty Dope Xperience Radio aka #BlackPandora

listen now and catch a wave!! https://t.co/VqKFopeoex  #nowplaying #np #RT  #NowStreaming #Streema Download Now #Alexa #GooglePlay #iOSAppStore #Amazon #",1.3114034856451482e+18
30,2020-09-30 20:33:13,MuyConfusa,"#QueLeer #RecomendacionLibros
'El alma se transforma pues es energía. Si sigue aquí aún tiene memoria de sus pendientes'
Aivi Calos
#Amazon
⭐⭐⭐⭐⭐ En las críticas

https://t.co/Omy1AqaS2c https://t.co/CuttMZFFGl",1.3114037525874934e+18
31,2020-09-30 20:36:30,bmurphypointman,"#rt #twitter #facebook #instagram #socialmedia #pinterest #amazon Join me on Webtalk. Webtalk pays you for doing exactly what you do on social media! Just post, like, share. When people also do the above on your posts, you earn! https://t.co/eyZ6imGbFE",1.3114045755309302e+18
32,2020-09-30 20:36:38,kimura_books,「金閣を焼かねばならぬ」 三島由紀夫 https://t.co/cMUPZ7z2VS #books #amazon,1.3114046098695004e+18
33,2020-09-30 20:33:20,readinglistbook,Read Dante Valentine | #Kindle #Free #Amazon #Books #Romance #Reading #Book https://t.co/Euzh45flLo,1.3114037814650757e+18
34,2020-09-30 20:35:11,kana_ogawa,"【ドラマCD】ベスト10
【https://t.co/u4EfhPUCmC 限定】君の為なら、どんな手段でも【共通特典:ドラマCD付き】
https://t.co/5oE2Dzlx7Q #Amazon",1.311404244986065e+18
35,2020-09-30 20:38:16,StrongRadiantly,"#2020debate #COVID19 #bestselling #HumanTrafficking #OctoberWish #bestseller #amazon #5stars #Trending #radiantlystrong #VoteBlueToEndThisNightmare
RADIANTLY STRONG: A Story of Triumph Over Trauma https://t.co/QceOApoIOS",1.311405019388932e+18
36,2020-09-30 20:36:59,seoulsistahsoul,@Amazon had to refund my $600+ dollars bc you couldn’t fulfill my order after waiting about a month. So disgusted I cancelled my #amazonprime membership. #Amazon #amazonsucks https://t.co/8TZ0m5JF1h,1.3114046967335117e+18
37,2020-09-30 20:35:42,kana_ogawa,"【ドラマCD】ベスト10
タマユラミライ バイノーラルボイスドラマCD 神掛由岐奈編
https://t.co/7IJNFx8tF5 #Amazon",1.3114043766829466e+18
38,2020-09-30 20:36:52,best_deals_US,"De-stress with Amazon :)
Aleene's Clear Gel Tacky Glue 4oz

Offer price: $1.97 (84% OFF!)
Retail: $11.99

https://t.co/H3xUCriXBh

#deals #Amazon #ThursdayThoughts https://t.co/0BxEeZz7Za",1.311404670099759e+18
39,2020-09-30 20:35:10,CoolDealCA,"Air Fryer  #Deals!!

2 Quart - 

4.2 Quart - 

#freebies #deals #deal #moneysaver #greatdeal #steals #discount #sale #bargain #bargainhunter #cheap #bestprice #Amazon  #Deals #giveaway #Deal #ganga

 https://t.co/y326QPbPfF https://t.co/Qn9qnHTwoz",1.311404243404886e+18
40,2020-09-30 20:35:33,TheInStockRoom,"***New Deal***
Star Wars Boys' Little Ugly Ch...
Reduced from $12.44 to from $4.80
https://t.co/rAjAOG4y15
#Deals #newDeals #Discounts #Amazon https://t.co/omwDr1AoEZ",1.3114043366023823e+18
41,2020-09-30 20:32:41,kaybennson,"TOMORROW! Get Limited Truth for #FREE on #AMAZON!

https://t.co/dypIdeOIL2
12 unlikely teammates. A mysterious corporation. A war simulation deemed harmless when it's anything but.

Nothing is as it seems in LIMITED TRUTH. 

#FREEBOOKS #readingcommunity #booksforsale #book https://t.co/kYsJ82owOd",1.3114036150604595e+18
42,2020-09-30 20:34:47,rlkubeja,Don’t Miss This #EASY to #ENTER #GIVEAWAY! #AMAZON #GIFTCARD #KINDLEUNLIMITED https://t.co/1hKJy784G9,1.3114041439496233e+18
43,2020-09-30 20:35:00,kana_ogawa,"【ドラマCD】ベスト10
ピオフィオーレの晩鐘 ドラマCD ~Grazie di cuore~
https://t.co/ZAQiHcAkZ6 #Amazon",1.3114042009835889e+18
44,2020-09-30 20:35:32,kana_ogawa,"【ドラマCD】ベスト10
受注生産限定 鬼滅の刃 鬼滅ラヂヲ ラジオCD 第二巻 CD2枚組 花江夏樹 下野紘
https://t.co/TQedq6nCRL #Amazon",1.3114043330119311e+18
45,2020-09-30 20:34:58,uniqueazar,"#AmazonSpinandWin 
#AmazonQuiz 
#Amazon
@amazonIN 
@amazonpay 
@AmazonHelp 
@AmazonRetweet 
@SamsungIndia 
@SamsungMobile https://t.co/Lv9MKxbJ4I",1.31140419080824e+18
46,2020-09-30 20:38:52,MEXICOJPN,Amazon go 手のひら認証始まったみたい。このAmazon Goでいう携帯かざすところが手のひらになるのかな。携帯レス、キャッシュレスで買い物可能。#amazon go #手のひら　#アマゾンhttps://t.co/576JlhCPdg,1.3114051731351716e+18
47,2020-09-30 20:35:39,CoolDealCA,"💲💰
#StarWars Boys' Little Ugly Ch...
Reduced from $12.44 to from $4.80

# #Deals #new #Deals #Discounts #Amazon  #Deal #ganga

 https://t.co/KPg9UDZd1D https://t.co/pUcu3IiMEc",1.3114043615290737e+18
48,2020-09-30 20:39:37,Shaker_xviii,"@YoungMoneySite @NICKIMINAJ Hello 😁❤️🌍
Sorry to disturb your Scrolling☺️ 
Kindly take a portion of your time And check out my second edition of #ShakerFreestyleSaturdays 
https://t.co/POVhDfRHyZ
 Please React , Retweet &amp; $hare to the world.🙏🏼 #PostOffice #Amazon
#JHBTraffic
[Follow @Shaker_xviii for More]",1.3114053594042573e+18
49,2020-09-30 20:37:41,Goldenlegscomic,Ambas guías ya disponibles en #amazon https://t.co/7J7hYl0m1a https://t.co/VC310toAUz,1.3114048744044216e+18
,date,screen_name,tweet,tweet_id
0,2020-09-30 20:30:01,yuki_nagase,"【サウンドトラック】ベスト10
かけぬけ★青春スパーキング! コンプリートサウンドトラック
https://t.co/VnE6WetdLO #Amazon",1.311402943371899e+18
1,2020-09-30 20:30:25,CoolDealCA,"Best Selling App Controlled WiFi LED Light Bulb 2-Pack for $14.99!!

#freebies #deals #deal #moneysaver #greatdeal #steals #discount #sale #bargain #bargainhunter #bargainshopper #cheap #bestprice #Amazon  #Deals #giveaway #Deal #ganga

 https://t.co/08JYFPl7eG https://t.co/RzNXPPJY9q",1.311403046174421e+18
2,2020-09-30 20:30:32,psychologybook1,Some popular reads https://t.co/T6WfHhzKnR on psychology and body language #psychology #amazon,1.311403074926383e+18
3,2020-09-30 20:30:25,codigos_solo,"✂️Código en Deik Juegos Cuchillos Cocina, Set Cuchillos de 6 Piezas
https://t.co/Ns4cNHsTuA

 #codigos #cupones #chollos #aliexpress #banggood #ofertas #telegram #amazon #offers #gearbest #ebay
ℹ️ Ver código ⤵️",1.311403044345729e+18
4,2020-09-30 20:30:02,amazon_rankinQ,"【タブレット】
VANKYO S10 タブレット 10.1インチ Android 9.0 RAM2GB/ROM32GB Wi-Fiモデル...
￥9,560
https://t.co/CLxnfTpOE4
#amazon",1.311402951424897e+18
5,2020-09-30 20:25:10,CoolDealCA,"Perfect Outdoor Movie Set-up only $100 🔥

Projector - 
Screens - 

#freebies #deals #deal #moneysaver #greatdeal #steals #discount #sale #bargain #bargainhunter #bargainshopper #cheap #bestprice #Amazon  #Deals #giveaway #Deal #ganga

 https://t.co/Q6VE2NjPwQ https://t.co/cZ3eYTKKVr",1.311401723244802e+18
6,2020-09-30 20:30:49,realprgamer,Sackboy: A Big Adventure Special Edition (PS4) está para preordenar en Amazon https://t.co/DzQuuYv23E #PS4 #sackboy #littlebigplanet #amazon,1.3114031465441198e+18
7,2020-09-30 20:30:37,yuki_nagase,"【サウンドトラック】ベスト10
【https://t.co/UUDV4jHMPX限定】ファイアーエムブレム 風花雪月 オリジナル・サウンドトラック(Amazonオリジナルエコバック付)
https://t.co/chzbVrvOQO #Amazon",1.311403096791081e+18
8,2020-09-30 20:25:14,rakten_kaden_,"10/01 05:25

炊飯器 1升 アイリスオーヤマ 炊飯器 10合 I
【楽天】11800円
【Amazon】12400円

★楽天で購入すると★
 600円 お得（お得率5％）

↓お得な情報を一覧で確認出来るサイト
https://t.co/kMQYxgL6Rh

#楽天市場 #Amazon #お得 #せどり https://t.co/tNWJRsHXph",1.3114017397366866e+18
9,2020-09-30 20:24:33,ClaireLintott,#lonen #minimumloon #armoede #zzp #flex #verpleeghuis #corona #multinational #kapitalisme #aandeelhoude #AH #klm #amazon #shell #vvd #rutte #kabinet https://t.co/9S0f8S8I4G,1.3114015714697134e+18
10,2020-09-30 20:30:14,rakten_kaden_,"10/01 05:30

ハイセンス Hisense 冷蔵庫 冷凍庫 ホワイ
【楽天】20980円
【Amazon】21580円

★楽天で購入すると★
 600円 お得（お得率3％）

↓お得な情報を一覧で確認出来るサイト
https://t.co/kMQYxgL6Rh

#楽天市場 #Amazon #お得 #せどり https://t.co/sNOueqA3IJ",1.3114029999907635e+18
11,2020-09-30 20:27:26,LoCountryLegend,"#LCL4LIFE on
#Amazon #Spotify #YouTube #AppleMusic and more presented by #CircleOfBosses, #LowcountryLegendz #GeechieCommission and the #CarolinaMusicMovement -
◀ https://t.co/ers2wrm3Z9 ▶",1.311402296262226e+18
12,2020-09-30 20:23:49,chollosyoferta,"#Chollo #Amazon 76% DESCUENTO Impresora fotográfica KiiPix | compatible con

Precio oferta: 47,79
Reacondicionado: 11,16

    👇👇👇👇👇👇👇
👉 https://t.co/tbcnHJoOhz https://t.co/cfrqKnWPzR",1.311401383757783e+18
13,2020-09-30 20:27:00,robertstanek,"#bannedbooksweek When malicious targeting of my books stopped suddenly, I thought someone must have finally caught the #Amazon insiders responsible + someone had, the Justice Department.

https://t.co/HMWRuDfqpO

@newsday @bostonglobe @forbes @newsweek @fortunemagazine @business https://t.co/l2xCQ0y2gr",1.3114021848949473e+18
14,2020-09-30 20:24:31,CoolDealCA,"💲💰
Sinocare Digital Thermometer
Reduced from $5 to $2
Coupon code: 50NDNMNVBA

# #Deals #new #Deals #savings #Amazon  #Deal #ganga

 https://t.co/RXWbmTLetm",1.311401562477138e+18
15,2020-09-30 20:25:53,hispachollos,"🌀 Garnier Skin Active Gama Botánica Gel Hidratante Refrescante con Savia de Aloe para Piel Normal - 50 ml. #Amazon 🇪🇸

💶 Precio oferta: 3,99€ 💥 (PVP normal: 9€)

💳 Enlace: https://t.co/N3Hu9bJjLn

✨ 30 días gratis de Amazon Music Unl ...
https://t.co/EiTjeaJXvj
#chollo",1.3114019050972365e+18
16,2020-09-30 20:29:24,chollosyoferta,"#Chollo #Amazon 75% DESCUENTO Buki France  Telescopio 50 attività, TS008B

Precio original: 89,0
Precio oferta: 75,0
Reacondicionado: 21,41

    👇👇👇👇👇👇👇
👉 https://t.co/J53xvBCbcR https://t.co/QmpM1AQ7XD",1.3114027897556419e+18
17,2020-09-30 20:26:35,KDLediting,"#ChristmasInTheValley by @VivianAdlerBook
Can a deputy over-coming tragedy, a ski champion over-coming scandal, and two orphaned teens find the spirit of Christmas amid danger?
#MountainValley #amazon #KindleBooks #Barnesandnoble #nook #applebooks #ibooks #googleplay #book https://t.co/J76jhTGbzQ",1.3114020831705539e+18
18,2020-09-30 20:25:02,XperienceDope,"Blasting Kehlani Ft. Jhené Aiko - Change Your Life right now on Pretty Dope Xperience Radio aka #BlackPandora

listen now and catch a wave!! https://t.co/VqKFopeoex  #nowplaying #np #RT  #NowStreaming #Streema Download Now #Alexa #GooglePlay #iOSAppStore #Amazon #",1.3114016922321142e+18
19,2020-09-30 20:30:16,fogle_shane,#Amazon launches a $4.99-per-month 'personal shopper' service for men's fashion https://t.co/1hbcvusstK,1.3114030074190602e+18
20,2020-09-30 20:30:53,original_sindy,"@literaryexpress If you want to taste the apple and let the words you read lead to an orgasm, then read my work.
🍎🐍🍏

You can find 3 of my #erotica #shortstories on #Amazon for just $0.99 to #download or #FREE on #KindleUnlimited 
#Erotica #shortstories 
https://t.co/dNvtvD9noc",1.3114031628136448e+18
21,2020-09-30 20:30:32,yuki_nagase,"【サウンドトラック】ベスト10
サウンドトラック (ディスク・コレクション)
https://t.co/Je9XW4LLZu #Amazon",1.3114030749387858e+18
22,2020-09-30 20:30:24,WECAN_INTL,"Financial Institutions are accountable for the atrocities they finance, including the #deforestation of tropical rainforests worldwide. From the #Amazon to #SEAsia pressure campaigns on corps and financial institutions are halting runaway exploitation. https://t.co/G4hnyWPbX0",1.3114030398744822e+18
23,2020-11-10 19:27:48,amazon,"Shanika, a leader with the Amazon Future Engineer program, fights for equal access to STEM education. She's committed to providing quality, hands-on learning for all students, no matter their zip code or skin color.",1.3262451923539968e+18
24,2020-09-30 20:24:56,_mis_ter_e_,"Make #Superman LEGO portraits !!

#dccomics #HenryCavill #christopherreeve #batman #benaffleck #JusticeLeague #JusticeLeagueSnyderCut #JusticeLeagueTheSnyderCut #amazon #kindle #kindlebooks #kindleunlimited #dcfandome
https://t.co/zTZgg0RgVe",1.3114016666174546e+18
25,2020-09-30 20:25:11,CoolDealCA,"Compact HEPA Air Purifier for $47.19!!

#freebies #deals #deal #moneysaver #greatdeal #steals #discount #sale #bargain #bargainhunter #bargainshopper #cheap #bestprice #Amazon  #Deals #giveaway #Deal #ganga

 https://t.co/L3gXnTHhru https://t.co/BSe7mWtTTm",1.3114017268477256e+18
26,2020-09-30 20:30:27,yuki_nagase,"【サウンドトラック】ベスト10
The Social Network (Original Soundtrack) (Definitive Edition) [Analog]
https://t.co/mPcXfNzqXm #Amazon",1.3114030529774141e+18
27,2020-09-30 20:30:11,yuki_nagase,"【サウンドトラック】ベスト10
放課後シンデレラ -Original Soundtrack-
https://t.co/CGr0DP3lGV #Amazon",1.3114029873366057e+18
28,2020-09-30 20:29:36,kakicchysmusic6,https://t.co/MaMFRamliO: Sound of Strange.: kakicchysmusic: MP3 Downloads https://t.co/9uLx6FAeyj #Amazon #Prime,1.3114028384094536e+18
29,2020-09-30 20:24:26,TheInStockRoom,"***New Deal***
Sinocare Digital Thermometer
Reduced from $5 to $2
Coupon code: 50NDNMNVBA
https://t.co/aaHowVWLxn
#Deals #newDeals #savings #Amazon https://t.co/GpjDkIqBYU",1.3114015387163935e+18
30,2020-09-30 20:31:02,atribeiro,"➡️ Escrivaninha Penteadeira De Canto Branco ou Preto Mobler
💲 R$264,90   
👉 Compre aqui: https://t.co/qQSXRiZcPg

#amazon #escrivaninha #penteadeira #oferta",1.3114032004073103e+18
31,2020-09-30 20:30:16,yuki_nagase,"【サウンドトラック】ベスト10
solfa works best album「chronicle ~hot dream~」
https://t.co/cVyTKMmcwJ #Amazon",1.31140300914278e+18
32,2020-09-30 20:26:23,angelamayhew,"If I were to get a new Roku TV, should I take advantage of #PrimeDay deals or wait until #BlackFriday? #Amazon",1.3114020316266906e+18
33,2020-09-30 20:30:21,yuki_nagase,"【サウンドトラック】ベスト10
塊魂サウンドトラック 「塊フォルテッシモ魂」
https://t.co/aAfC51VL9y #Amazon",1.3114030310621798e+18
34,2020-09-30 20:31:17,hispachollos,"🌀 San Ignacio Batería 8 piezas Porto y Set 3 sartenes, Ø16/Ø20/Ø24 cm, negro, aluminio prensado, antiadherente, inducción. #Amazon 🇪🇸

💶 Precio oferta: 69,99€ 💥 (PVP normal: 139€)

💳 Enlace: https://t.co/g3rc1YH6Vj

✨ 30 días gratis  ...
https://t.co/kgFi8vcZM5
#chollo",1.311403266060714e+18
35,2020-09-30 20:30:06,yuki_nagase,"【サウンドトラック】ベスト10
【https://t.co/UUDV4jHMPX限定】ファイアーエムブレム 風花雪月 オリジナル・サウンドトラック 初回限定盤(Amazonオリジナルエコバック付)
https://t.co/H3nX2BUdYc #Amazon",1.3114029652828774e+18
36,2020-09-30 20:27:42,ElodieParkes,"He clung to Zachary and took the kisses Zachary returned. They swamped him in tenderness, like gifts to his soul. #gayromance #MMromance #LGBT @evernightpub 🏳️‍🌈💞#fiction https://t.co/4J2cTnA1pv
#Amazon https://t.co/8pZeryvzfC https://t.co/ApBHBm9JfU",1.311402363220095e+18
37,2020-09-30 20:30:20,BookVxens,#JenniferGriffith #Giveaway #Amazon #Giftcard  https://t.co/sqkgw85vq6 https://t.co/1AbTNwyVzT,1.3114030234706534e+18
38,2020-09-30 20:28:20,cholloschina,"💥[PRECIO MÍNIMO ACTUAL DESDE EUROPA] Patinete Xiaomi Mi Scooter Lite Essential por 250€ 💥
#DHgate🇪🇺 #Amazon🇪🇸

🌀 Xiaomi nos presenta un nuevo modelo de patinete eléctrico más económico pero con prestaciones parecidas al exitoso M365, ...
https://t.co/qlcTIMwj8C
#chollo",1.311402522725286e+18
39,2020-09-30 20:25:36,cymetria,"¿te imaginas pagar solo con la palma de tu mano?

La exitosa empresa de Amazon lanza su nuevo sistema de pago sin contacto Amazon One, esto es sus establecimientos de Amazon Go🤯

Una nueva forma de reconocimiento biométrico que conecta una tarjeta a tu mano.

#innovación #Amazon https://t.co/wqMsNpbZhn",1.311401835857539e+18
40,2020-09-30 20:29:48,ArInsider,#realitybytes #burberry #facebook #amazon #twitch #vr #ar https://t.co/JOUWXUtfl3,1.3114028912158597e+18
41,2020-09-30 20:30:17,buybooks_amazon,#BestBooks #Amazon #Leadership : THE FUTURE OF THE PROFESSIONS: HOW TECHNOLOGY WILL TRANSFORM THE WORK OF --&gt; https://t.co/OAe0Woba5d,1.3114030143688868e+18
42,2020-09-30 20:31:21,nathanmailhot,"@Mani2K_ An older version of this one: Asus VG248QG 24” Gaming Monitor, 1080P Full HD, 165Hz (Supports 14... https://t.co/JozTrt9iak #Amazon",1.3114032810384998e+18
43,2020-09-30 20:30:42,yuki_nagase,"【サウンドトラック】ベスト10
Whirlpoolボーカルソング集Vol.5『Sunny』
https://t.co/pL1ejlnbWx #Amazon",1.3114031189873705e+18
44,2020-09-30 20:27:05,amzsavages,"Which #smallshop items to list on Amazon? It depends on whether you will be sending stock to #Amazon (FBA) or directly from your store yourself (FBM)  https://t.co/rBui3Ulrs5

#NewSeller #smallbusiness #covid19  #ecommerce #supportlocalbusiness #buylocal #smallshopsaturday https://t.co/UcsJ24a26n",1.3114022053086863e+18
45,2020-09-30 20:30:07,RMHCNYM,Happy #WishListWednesday! Can we count on you to help stock our pantry? Our most urgent need: individually packaged snacks! Shop our #Amazon Wish List today! Don't forget to select #RMHCNYM as your charity of choice on #AmazonSmile! https://t.co/7DRTYuEo95 https://t.co/fj216p9yw1,1.3114029686217564e+18
46,2020-09-30 20:30:20,BookVxens,#JenniferGriffith #Giveaway #Amazon #Giftcard  https://t.co/HXyk3scqTo https://t.co/nwcSzhX8NM,1.3114030233448325e+18
47,2020-09-30 20:30:48,yuki_nagase,"【サウンドトラック】ベスト10
ファイアーエムブレム 風花雪月 オリジナル・サウンドトラック 初回限定盤(特典なし)
https://t.co/VKSlhjnYVc #Amazon",1.311403141082968e+18
48,2020-09-30 20:29:47,FourageBernard,Amazon dépose un projet de plateforme de 1 000 emplois au sud de Nantes #Nantes #Amazon #Montbert @OuestFrance https://t.co/S8PpO9LKOX https://t.co/gxhMCkg7mk,1.3114028868034765e+18
49,2020-09-30 20:26:00,robertstanek,"#bannedbooksweek When malicious targeting of my books stopped suddenly, I thought someone must have finally caught the #Amazon insiders responsible + someone had, the Justice Department.

https://t.co/HMWRuDx1Oo

@newsday @bostonglobe @forbes @newsweek @fortunemagazine @business",1.3114019333962342e+18
,date,screen_name,tweet,tweet_id
0,2020-09-30 20:19:20,LucianaChriz,Brazilian President Jair Bolsonaro's response to candidate @JoeBiden on the #Amazon #Election2020 #Trump2020 https://t.co/Us3SdBj0FJ,1.311400256731521e+18
1,2020-09-30 20:16:21,CosetteDeliege,"#Frontline est un magazine d'investigation américain de très grande qualité, je le recommande, en particulier cet épisode sur #amazon https://t.co/q8zz8J3j9o",1.3113995079770235e+18
2,2020-09-30 20:23:07,Mwaqas53263763,"Waterproof Wireless Earbuds (latest)

For USA 👍

Refund After Review

If anyone is interested, DM me please

#amazon #amazonreviews #amazonreviewer #amazonreviews #freetestingproduct #amazonproductreviews #amazondeals #amazonfashion #amazonfba #amazonseller #wirelessearbuds https://t.co/dkM3Y9RVXv",1.3114012072614298e+18
3,2020-09-30 20:21:14,bmurphypointman,#rt #twitter #facebook #instagram #socialmedia #pinterest #amazon Need to make money? Save money while shopping? Get discounts on travel? Check out my website https://t.co/vBHLD11zwQ,1.311400733145813e+18
4,2020-09-30 20:14:49,uniqueazar,"@TCL_TV_Global 
#AmazonTCLQledQuiz 
#AmazonQuiz 
#Amazon
@amazonIN 
@amazonpay 
@AmazonHelp
@tcl_india 
TV please !!!!!! https://t.co/Ar4Pq3kcVT",1.3113991219205202e+18
5,2020-09-30 20:15:15,CoolDealCA,"Mpow EG3 Pro #Gaming #Headset for $23.99!! 🔥

#freebies #deals #deal #moneysaver #greatdeal #steals #discount #sale #bargain #bargainhunter #bargainshopper #cheap #bestprice #Amazon  #Deals #giveaway #Deal #ganga

 https://t.co/YKW8lOQ5T3",1.3113992286907597e+18
6,2020-09-30 20:19:05,creativemm12,"👉https://t.co/xLQVnVgoOE  #amazon👈
💯👉Auto Follower👈💯
💯👉#自動相互フォロー👈💯

#固定ツイートRT
#Donald #Trump #Jr
#Henrik #Lundqvist
#Jessica #Simpson
#固定ツイートRT
#autofollower
#TeamFollowback
#f4f
#1000ADay
#TeamFollowBack
#bts
#seventeen",1.3114001921684562e+18
7,2020-09-30 20:17:56,wavetop,"#Brazil's #Fascist leader #Bolsonaro rejects #Biden's offer of $20 billion to protect the #Amazon 

https://t.co/31tO6tiltp",1.3113999056807936e+18
8,2020-09-30 20:23:39,HopkinsPOFA,"Though last night's #Debates2020 did not focus on foreign policy, both candidates touched on possible routes to deal with the destruction of the #Amazon. https://t.co/Mu8HlZQJgA",1.3114013412862198e+18
9,2020-09-30 20:16:17,Unbound_Vision,"The Acer Aspire TC-885-UA91 Desktop system is a proven miracle for it's price! It has an 9th Gen Intel Core i3 processor, and 8GB of DDR4 RAM, along with 512GB of SSD space and Windows 10 Home. Current price is $499.11.
https://t.co/2H3WhrOClU
#amazon #product #computers #desktop",1.31139949056213e+18
10,2020-09-30 20:20:00,Tarrako1162,"🔥CHOLLO! #Amazon | #Belleza

📢Yves Saint Laurent #Opium Homme Eau de Toilette Vaporizador 50 ml

   ❌ Antes: 63,00€
   🔥 PRECIO OFERTA: 41,10€🔥 -35%
   🔰 Enlace: https://t.co/6sEl2d3CqN https://t.co/OOw8hlnIkd",1.3114004237989274e+18
11,2020-09-30 20:20:13,rakten_kaden_,"10/01 05:20

【送料無料】 パナソニック ヘアードライヤー ナノ
【楽天】14170円
【Amazon】14650円

★楽天で購入すると★
 480円 お得（お得率3％）

↓お得な情報を一覧で確認出来るサイト
https://t.co/kMQYxgL6Rh

#楽天市場 #Amazon #お得 #せどり https://t.co/zBUigARhrr",1.3114004797635584e+18
12,2020-09-30 20:18:34,XperienceDope,"Blasting Deuce ft. Savelle Tha Native - My Life right now on Pretty Dope Xperience Radio aka #BlackPandora

listen now and catch a wave!! https://t.co/VqKFopeoex  #nowplaying #np #RT  #NowStreaming #Streema Download Now #Alexa #GooglePlay #iOSAppStore #Amazon #",1.3114000629547295e+18
13,2020-09-30 20:14:33,16forward,"Enter to #Win a #Amazon #GiftCard and Face Mask from @KUAddicts!  https://t.co/SOUR6L7Khi

More books for free!",1.311399053008294e+18
14,2020-09-30 20:12:56,VfGoaBCrLiInilf,"防水機能も必要ならKindle Paperwhite 広告つき
 #amazon #kindle #防水 #電子書籍 

 https://t.co/grUzjf1bn2",1.3113986458544742e+18
15,2020-09-30 20:16:54,MarkCli74447056,"Last Chance! Would you like to win a $50 Amazon Gift Card or PayPal Deposit? Check out this easy entry Gleam giveaway for a chance to #WIN

Open Worldwide

@GooseGiveaways #wingiftcard #wincash #amazon #paypal #winmoney #sweepstakes #giveaways https://t.co/VKmcwtE8rQ",1.3113996430712504e+18
16,2020-09-30 20:13:53,Greylupine71017,"Received an E-mail from Amazon. The new update to Kindle Create can format paperbacks. Interesting. I do it the old way by using an template and making a PDF, but this might be easier for people. #writerslife #amwriting #authors #books #WritingCommunity #amazon #kindle",1.31139888701449e+18
17,2020-09-30 20:16:07,TeriMcGill,💜💔💜 #ROMANCE #MyHeartIsYours #Trilogy #ContemporaryRomance #Book1FREE #IndieAuthor #BookLove #BookClub #SupportIA #AmWriting #SelfPub #RomanceBooks #RomanceNovels #RomanceReigns #AmazonBooks #Amazon #AmazonAuthorPage➡️ https://t.co/bG7ksEV4DD #Website➡️ https://t.co/HO1EYX7Gls https://t.co/j7Q3y1wN6J,1.3113994453307146e+18
18,2020-09-30 20:12:23,Unbound_Vision,"The Seagate External Hard Drive have not only become cheaper, but they include more space and faster transfering and loading times! You can get this one with 4TB of storage for just $97.49.
https://t.co/ClhAPs4lyc
#amazon #seagate #external #harddrive #BACKUP #data #value #HDD",1.311398507769553e+18
19,2020-09-30 20:16:29,p4rma,@JeffBezos why is seller support incapable of reading tickets instead answering with totally unrelated responses. #amazon #badsupport #JeffBezos,1.3113995401557238e+18
20,2020-09-30 20:17:16,MikeSmartUK,"Last Chance! Would you like to win a $50 Amazon Gift Card or PayPal Deposit? Check out this easy entry Gleam giveaway for a chance to #WIN

Open Worldwide

@GooseGiveaways #wingiftcard #wincash #amazon #paypal #winmoney #sweepstakes #giveaways https://t.co/VdhMv0JwFC",1.3113997358787338e+18
21,2020-09-30 20:16:48,JSHughes5,The Dissension of a Vessel 1985 https://t.co/Jm7F48tR3j #Amazon,1.311399620103336e+18
22,2020-09-30 20:23:38,designmarket24,"This is our recent client job, If you need any kind
book cover design or graphic design work.
Feel free order here
https://t.co/RqJ0qvEGKy
#kid book
#Amazon KDP
#uniqe book cover
#illustation 
#KKRvRR
#Happy Chuseok
#IPL 2020
#jikook
#shawn
#Quino
#Mafalda https://t.co/hPrzciBVxe",1.3114013400866202e+18
23,2020-09-30 20:16:22,tq_equities,"$AMZN finds buyers around 3133.99 for the third day in a row: https://t.co/Lq7bIhuY6e
Sentiment: Neutral #AMZN #Amazon",1.3113995082663567e+18
24,2020-09-30 20:14:40,chollosyoferta,"#Chollo #Amazon 63% DESCUENTO Cébé S'Track Gafas, Unisex Adulto, Negro/Rojo (Mate), L

Precio oferta: 95,98
Reacondicionado: 35,15

    👇👇👇👇👇👇👇
👉 https://t.co/kRtsDjOpJ8 https://t.co/Cu5ZhuOVrf",1.3113990817475912e+18
25,2020-09-30 20:22:19,chollosyoferta,"#Chollo #Amazon 77% DESCUENTO Faro Barcelona 33287   IBIZA Ventilateur sans lumière, acier et pales bois plywood

Precio oferta: 135,5
Reacondicionado: 30,55

    👇👇👇👇👇👇👇
👉 https://t.co/ZsudLtcJud https://t.co/6HALS65c2H",1.3114010063963136e+18
26,2020-09-30 20:12:27,hispachollos,"🌀 Gentai 128 GB/400 GB Tarjeta Micro SD Clase 10 UHS-I TF Tarjeta de memoria flash Micro SDHC con adaptador (400 GB). #Amazon 🇪🇸

🔘 Minimazo!!!

💶 Precio oferta: 9,99€ 💥 (PVP normal: 25,99€)

💳 Enlace: https://t.co/Q2CAm3V4RH

✨ 30 d ...
https://t.co/bfFtmqjM4Z
#chollo",1.3113985260736102e+18
27,2020-09-30 20:16:51,myofb_de,#Amazon veröffentlicht #Borat2 pünktlich zur US-Wahl 2020 https://t.co/yG64Y39zwy,1.311399632895869e+18
28,2020-12-04 16:50:25,ProcterGamble,"Everyone has the power to do SOMETHING. Tune in at 7 p.m. Dec. 10 to #TriState Strong: Getting to Zero to be inspired by how your neighbors &amp; familiar faces from health care, media and business have pulled together #TriStateStrong #GettingToZero",1.3349028910736097e+18
29,2020-09-30 20:19:23,VotingBlueInTX,"XtraFly Apparel Women's Black Lives Matter BLM America V-Neck Short ... https://t.co/REsJ3XGDkt #Amazon    

Got this shirt instead",1.3114002708831027e+18
30,2020-09-30 20:19:12,Unbound_Vision,"If you're looking for an excellent, and cost-efficient Cintiq to make professional artwork, then the Cintiq 22HD is an outstanding choice. It has Unbound Vision's personal stamp of approval. Price is currently $1,199.95.
https://t.co/OHQnO5CcX0
#amazon #wacom #drawing #tablet",1.3114002213860106e+18
31,2020-09-30 20:20:42,Rafal_Kurtzman,"Ostatnie sezony The Walking Dead były tak nudne, że w końcu odpuściłem. Fear the Walking Dead jest przy tamtym seriali jak powiew orzeźwienia. #amazon #primevideo #vod #TheWalkingDead #fearthewalkingdead",1.3114006002534769e+18
32,2020-09-30 20:16:31,creativemm12,"👉https://t.co/RiEeNC9QPK  #amazon👈
💯👉Auto Follower👈💯
💯👉#自動相互フォロー👈💯

#TeamFollowback
#NBC #news
#Palantir
#Equity
#FollowNGain
#相互RT
#TFB
#固定ツイートRT
#FollowBack
#autofollower
#followermachine
#相互フォロー100",1.3113995489719583e+18
33,2020-09-30 20:15:06,1224rieri,@HarukiKai0628 ピコンチャンスAmazonほしい物リストを一緒に編集しましょう https://t.co/HC7mdiFPZH #Amazon,1.3113991904009585e+18
34,2020-09-30 20:19:28,Unbound_Vision,"XP-Pen 22e Pro drawing tablet is right on par with the Cintiq 22HD but cheaper! It also comes with a screen protector and drawing glove. Current price is $499.99.
https://t.co/FZF68ga2ve
#amazon #products #product #xppen #drawing #tablet #amazonaffiliate #affiliate #marketing",1.3114002890275185e+18
35,2020-09-30 20:20:25,best_deals_US,"Here's a great deal
SINGER 01824 Large Eye Hand Needles On Magnet, 12-Count

Offer price: $1.97 (59% OFF!)
Retail: $4.79

https://t.co/c1G4cTL9CL

#Amazon #deals #RT https://t.co/ItOELJUBGp",1.3114005279434588e+18
36,2020-09-30 20:15:00,Isis_writes,"""...a wonderfully fast-paced #dystopain that keeps you engrossed till you are done reading."" #Amazon Reviewer ★★★★★ 
Judge for yourself @Amazon: https://t.co/mFfpc01b7J  

#reading #whattoread https://t.co/RhnXUjTbF8",1.3113991680957235e+18
37,2020-09-30 20:18:17,hispachollos,"🌀 Alled Cámara Correa,Correa de Cuello Camara De Hombro Cuello Cinturón,Bohemia Vintage Cámara Universal Ajustable Correas para Nikon Canon Sony Lumix Fujifilm Pentax Olympus DSLR SLR Etc. (Cowboy). #Amazon 🇪🇸

💶 Precio oferta: 10,99 ...
https://t.co/o7MHWfwJDc
#chollo",1.3113999923728876e+18
38,2020-09-30 20:16:03,socialstartnow1,"The kind of book kids are made for. https://t.co/DlR5btGolL #gift #holidays #childrens #book #Bookclub #oprahbookclub
#wsj #nytimes #business #reuters #forbes #marketwatch #cnn #bet #foxnews #latimes #CBD #Cubs #wgn #espn #usatoday #realdonaldtrump #amazon #Chicago #paperback https://t.co/YPOEXoHnfO",1.3113994286542807e+18
39,2020-09-30 20:19:18,QuickShopDeals,"***Great Deal***Low Price***
Sally Hansen - Complete Salon Manicure Nail Color, White To Black
Reg$7.99 to $4.69*Free ship*
https://t.co/fVN3uKlZzz
#amazon #amazondeals #deals #sale #save #savings #shop #halloween https://t.co/qzOkbdjo2x",1.3114002483303793e+18
40,2020-09-30 20:23:06,SolTaylorRdL,"LA ALUMNA DEL ASESINO By: @ContratameYGana 

Ella se dedica a salvar vidas, él... a acabar con ellas.

Léelo aquí 👉 https://t.co/Wb3jDy2SGj

#Amazon #thriller #novela #KindleUnlimited #kindle #NovelaNegra #suspense #accion https://t.co/wbPjT3uV6n",1.3114012044513567e+18
41,2020-09-30 20:15:04,Lapequenaasia,"📱 #Realme 6 

8 GB RAM  128 GB ROM
Precio: 2️⃣2️⃣9️⃣€

👉 https://t.co/Gk23awuwRY

#Amazon https://t.co/3m3SjtlJPO",1.3113991840550093e+18
42,2020-09-30 20:21:25,trafficinmyhead,"""DREAMS""
Good night (&amp; good luck)

#Spotify #AppleMusic #iTunes #Deezer #Tidal #Amazon #YoutubeMusic #Bandcamp

#ELECTRONICA #DOWNTEMPO #LOUNGE #HIPHOP #NIGHT #LGTWO #BLACKETTMUSIC #RTITBOT #MUSIC

https://t.co/Lhi8jXNyO8 (powered by @distrokid)",1.311400781774545e+18
43,2020-09-30 20:23:27,chollosyoferta,"#Chollo #Amazon Lenovo za150232de 25,65 cm (10,1) Tablette PC (AMD A4 z8550, Disque Dur 128 Go, mémoire RAM 4 Go, Carte Graphique Intel HD, Win 10 Pro, QWERTZ German Keyboard) (Noir)

Reacondicionado: 182,35

    👇👇👇👇👇👇👇
👉 https://t.co/CdTEtfyTRE https://t.co/9MBSz556jp",1.3114012934209413e+18
44,2020-09-30 20:15:38,theinsidexpress,"3 Affordable Fall Basics From Amazon, Reviewed
#fashion #affordable #affordable-fashion #amazon #basics #fall #fashion_trends #flow #reviewed #who_what_wear_uk
https://insi...
https://t.co/qvlE5kx5cv",1.3113993251765985e+18
45,2020-09-30 20:17:02,NUEXGUY,"🚨NEW PODCAST EPISODE🚨

Went ahead and added the podcast episodes to YouTube. Don't miss it!

#youtube #amazon #googlepodcasts #newpodcast #podcastepisode #podernfamily #podcastlife #podcastaddict #community #storytelling #craft #stories #podcasts #stitcher #spotify @WeVideo https://t.co/VAJLa8m0ky",1.3113996784754893e+18
46,2020-09-30 20:15:13,rakten_kaden_,"10/01 05:15

レビュー記載で洗剤プレゼント♪ 洗濯機 7kg ア
【楽天】29800円
【Amazon】30800円

★楽天で購入すると★
 1000円 お得（お得率3％）

↓お得な情報を一覧で確認出来るサイト
https://t.co/kMQYxgL6Rh

#楽天市場 #Amazon #お得 #せどり https://t.co/4Bl2cAie1x",1.311399219643609e+18
47,2020-09-30 20:12:42,XperienceDope,"Blasting Migos - Taco Tuesday (Club) right now on Pretty Dope Xperience Radio aka #BlackPandora

listen now and catch a wave!! https://t.co/VqKFopeoex  #nowplaying #np #RT  #NowStreaming #Streema Download Now #Alexa #GooglePlay #iOSAppStore #Amazon #",1.3113985873859994e+18
48,2020-09-30 20:13:06,HectorSalgado,@slpng_giants @Bernlennials @amazon #Amazon #Facebook #Twitter better stop making money from these organizations that want to get rid of people like me and millions of other Americans.,1.3113986899575726e+18
49,2020-09-30 20:21:34,XperienceDope,"Blasting Hot Dollar, Jermaine Dupri - Streets On Lock (Club) right now on Pretty Dope Xperience Radio aka #BlackPandora

listen now and catch a wave!! https://t.co/VqKFopeoex  #nowplaying #np #RT  #NowStreaming #Streema Download Now #Alexa #GooglePlay #iOSAppStore #Amazon #",1.3114008187178844e+18
,date,screen_name,tweet,tweet_id
0,2020-09-30 20:03:00,Cinedeterror,#Amazon se hace con la secuela secreta de #Borat https://t.co/hynz1NM6tO https://t.co/SMhCTwf7fN,1.3113961455670764e+18
1,2020-09-30 20:09:03,publicity21,"Amazon presenta su propia plataforma de firmas de lujo https://t.co/n5dbL6kkcd 📲 🛍 🤯  

#Moda #Lujo #Amazon #StreetStyle #Fashion #Retail #FashionNews #AmazonPrimeDay #Apps https://t.co/OEeE7j14fW",1.3113976691604849e+18
2,2020-09-30 20:05:37,kana_ogawa,"【アニメ】ベスト10
私たちの約束です！
https://t.co/HH2YjqPJz1 #Amazon",1.3113968053896356e+18
3,2020-09-30 20:07:53,JauntyWhisper,"#VeryInteresting Movies you can't even pay to stream on #Amazon #Matewan, #Silkwood, #NormaRae; #documentaries #HarlanCountyUSA, #FinalOffer yet somehow #WifeAbuser #DineshDsouza's shit is free, it's like #JeffBezos' hates #OrganizedLabor or something.   https://t.co/x2tBAoLm23",1.3113973744100598e+18
4,2020-09-30 20:12:00,robertstanek,"TWENTY years later they are still at it! Speaking Out About Ugliness in the Publishing Industry!

https://t.co/AIaV7hsFhi

#bannedbooksweek #darngoodreads #freedomtoread #amwriting #amblogging
#amazon #goodreads #bnscifi #libraryresources https://t.co/ZfcyYaGwLa",1.3113984101009818e+18
5,2020-09-30 20:04:29,EricaFoullois,The trending product that I will be trying out in 72 hours is… #meditime #cosmeceutical #dermacosmetic #amazon  https://t.co/KUh5cf0QOQ https://t.co/Fq55kA9mFn,1.3113965187258122e+18
6,2020-09-30 20:05:16,kana_ogawa,"【アニメ】ベスト10
brake system
https://t.co/PmdxqUwa5q #Amazon",1.3113967172127867e+18
7,2020-09-30 20:11:55,sgolub21,"Head to @amazon  to pick up the best antimicrobial scrubber sponge. https://t.co/mnGuDjiqeo
#cleanisafeeling #cleaning #MADEinUSA #MadeInAmerica #clean #CleanUp #Amazon #amazonprime",1.3113983902075986e+18
8,2020-09-30 20:05:04,INDIEBOOKSOURCE,"BOOKS BY
https://t.co/fUXJcH0cC9
AUTHOR PAUL HOLLIS
Thriller/Mystery
#Books #IARTG #Kindle #Amazon #ReadIndie #indieauthors #ian1 #bookboost
 @HollowManSeries https://t.co/J43OhfBEYW",1.3113966671413699e+18
9,2020-09-30 20:11:39,MQasim07719041,"Foldable Wooden Chess Table

For USA 👍

Refund After Review

If anyone is interested, DM me please

#amazon #amazonreviews #amazonreviewer #amazonreviews #freetestingproduct #amazonproductreviews #amazondeals #amazonfashion #amazonfba #amazonseller #amazonprime #amazon #chess https://t.co/2Ig5vtKrlU",1.3113983249106575e+18
10,2020-09-30 20:09:32,SubEdamame,"Amazon で注文受付中です。
(日本製 PM2.5対応)超快適マスク プリ-ツタイプ ふつう 30枚入(unicharm)
https://t.co/XqSeXTdiBa
#アマサー #Amazon",1.3113977893439898e+18
11,2020-09-30 20:08:07,XperienceDope,"Blasting E-40, Milla - Goat (Club) right now on Pretty Dope Xperience Radio aka #BlackPandora

listen now and catch a wave!! https://t.co/VqKFopeoex  #nowplaying #np #RT  #NowStreaming #Streema Download Now #Alexa #GooglePlay #iOSAppStore #Amazon #",1.3113974333106668e+18
12,2020-09-30 20:05:18,tsarlat,#amazon https://t.co/6wwuU1YhFm,1.3113967266669117e+18
13,2020-09-30 20:02:06,amzn_deals_us,https://t.co/0Ks9thky7j DIDK Women's Cute Cartoon Print Tee and Shorts Pajama Set #Amazon #Deal https://t.co/j18K3A9WdL,1.311395920014123e+18
14,2020-09-30 20:12:08,Charlie_Cawood,"Maroon 5 - Don't Wanna Know #bigtimeradio https://t.co/N76xPoatRr @Charlie_Cawood @BigTimeRadio1 @bigtime_news
 on #Amazon Echo &amp; App https://t.co/c7cZfm4MQo  #Top40 #Music 247 #Worldwide 3 #Radio #Stations 43 #Countries #Interviews #Billboard https://t.co/JiPHr6jZyC  #SUBMI",1.3113984449306542e+18
15,2020-09-30 20:12:19,miumiuMH,"自立と自律。精神的にも経済的にも自立する。自らをコントロールする自律。従業員を日本一幸せにする。
その思いと行動が奇跡を生んだ。
たくさんの人に読んでほしい書です。
柴田秋雄のホテル再生物語 https://t.co/v0EBkiIqNj… #Amazon",1.3113984924100485e+18
16,2020-09-30 20:03:37,chollosyoferta,"#Chollo #Amazon Razer Phone   Smartphone con Pantalla UltraMotion de 120 Hz (64 GB expandible, tecnología Dolby Atmos, 4G y batería con 4000 mAh)

Reacondicionado: 99,82

    👇👇👇👇👇👇👇
👉 https://t.co/yHnzPpCkZr https://t.co/wAWfQFmc0U",1.3113963023291228e+18
17,2020-09-30 20:05:42,kana_ogawa,"【アニメ】ベスト10
#21 時の彼方
https://t.co/vtuXsQbxiB #Amazon",1.3113968272964895e+18
18,2020-09-30 20:05:54,naturalhealthbl,"5-Ingredient Plant-Based Cookbook: 76 Easy &amp; Delicious High-Protein Recipes (Suitable for Vegans &amp; Vegetarians)

BUY NOW FROM AMAZON AT:

https://t.co/gyPT8s2Fcv

#Plantbased #Vegan #Health #Food #Diet #Nutrition #Recipes #Cooking #Books #Amazon https://t.co/VVKf9xmTNB",1.3113968778547036e+18
19,2020-09-30 20:09:49,chanler,"“If you’ve got as little as 30 seconds and a decent internet connection, you can help combat the #deforestation of the #Amazon.” https://t.co/xhqUUGogPD",1.3113978613184184e+18
20,2020-09-30 20:05:11,kana_ogawa,"【アニメ】ベスト10
第35話 地獄なら知っている
https://t.co/UoM3FXR2Sb #Amazon",1.3113966953730826e+18
21,2020-09-30 20:07:27,Efedran,"@amazonmex Que pasa cuando un paquete llega vacío 😡? Ya me he visto que q mucha gente le ha pasado pero ahora me tocó a mi
@profeco @amazonmex @amazon @DCCDMX 
#robo #paqueterobado #paqueteabierto #paqueteria #amazon https://t.co/rSKcrIfrKR",1.3113972674552136e+18
22,2020-09-30 20:05:06,kana_ogawa,"【アニメ】ベスト10
ゆらぎ荘の幽奈さん Blu-ray Disc BOX(完全生産限定版)
https://t.co/3xnR3Le2vU #Amazon",1.3113966731936113e+18
23,2020-09-30 20:03:14,creativemm12,"#ADOME Women Lingerie Lace Chemise Nightgown Satin Babydoll Nightwear Silk Slip Dress Wine Red M #ADOME for $15.99 
https://t.co/IBdRTXO126
#f4f
#buyandship
#amazon
#Palantir
#Helen #Reddy
#楊婉儀",1.3113962046227046e+18
24,2020-09-30 20:04:45,XperienceDope,"Blasting Drake - Money In The Grave (feat. Rick Ross) right now on Pretty Dope Xperience Radio aka #BlackPandora

listen now and catch a wave!! https://t.co/VqKFopeoex  #nowplaying #np #RT  #NowStreaming #Streema Download Now #Alexa #GooglePlay #iOSAppStore #Amazon #",1.311396588741374e+18
25,2020-09-30 20:05:48,kana_ogawa,"【アニメ】ベスト10
迫る影
https://t.co/oUuGS7Fttt #Amazon",1.311396849366909e+18
26,2020-09-30 20:06:40,TOTNR_Podcast,#TalesoftheNovaRealm #TOTNR #fantasyfictionpodcast #medievalinstagram #dnd #audiodrama #podcast #fantasyfiction #rpg #newpodcast #spotify #Anchor #Apple #foryou #art #fun #amazing #amazon #googlepodcasts #internationalpodcastday @rodemics,1.311397067026305e+18
27,2020-09-30 20:04:39,Nanteshype,"#carte. Deux projets de logistique #Amazon à #Nantes 
🔜 9.500 m2 d’entrepôt du dernier kilomètre à #Carquefou https://t.co/YQX9nH48Rz
🔜 185 000 m2 d’entrepôt robotisé au parc de la Bayonne à #Montbert (hors métropole) 🔽 https://t.co/gOrfEeSIka https://t.co/rsnKWPTbRJ",1.3113965617636106e+18
28,2020-09-30 20:05:02,chollos100x100,"‍  MINIPRECIO  #Amazon | #Equipaje

 yidenguk Botellas de Viaje con frascos de Crema 6PCS BPA Libre de Silicona Contenedor de Viaje Air Travel Recargable Squeezable Set con Bolsa para champú Cosméticos Loción Acondicionador

Aplica cupón adicional de 30% de descuento

 PVP: … https://t.co/jEaAGd9OL6",1.3113966579516416e+18
29,2020-09-30 20:02:25,couraud6,Amazon dépose un projet de plateforme de 1 000 emplois au sud de Nantes #Nantes #Amazon #Montbert @OuestFrance https://t.co/gGhjiC06Yz https://t.co/R2W0qz6p6p,1.3113959977178563e+18
30,2020-09-30 20:05:17,EMERSONGBSC,"#cafeteras #comprasonline #ofertas #losmejoresprecios #Amazon #ahorra #lasmejores #DiaInternacionaldelatraduccion
#buenasnoches #cocina #takeaway #lamejoropción #notelopierdas #café #coffee #love #regalo #detalles 
https://t.co/lq6ZsQZcCL",1.311396721755394e+18
31,2020-09-30 20:07:11,2BRUKREW,"@mark_kastens Demons &amp; Vampires vs. Gunfighting Priests &amp; an Immortal Knight! Read about all HELL BREAKING LOOSE in: Keepers Of The Gate! Only .99 on #Amazon! Action-Packed Supernatural #horror / #fantasy! 
https://t.co/aGmThnbvQs
https://t.co/dQcijhT0Q7
https://t.co/1GyKVhXhNm",1.3113972000694886e+18
32,2020-09-30 20:06:46,kimura_books,JavaScriptを学びたい方にめちゃくちゃオススメ。楽しく技術が身につけられちゃいます。　'Head First JavaScript ―頭とからだで覚えるJavaScriptの基本' https://t.co/6x0NomiAvD #books #amazon,1.3113970959375155e+18
33,2020-09-30 20:10:11,creativemm12,"&lt;Current Weather&gt;
San Francisco
Temperature: 75.63°F/ Status: haze
👉https://t.co/k6jtsSdoV4 #amazon👈
💯👉Auto Follower👈💯
💯👉#自動相互フォロー👈💯

#相互RT
#Donald #Trump #Jr
#Palantir
#Jessica #Simpson
#TeamFollowBack
#autofollower
#TeamFollowback
#TFB",1.3113979523346473e+18
34,2020-09-30 20:04:16,hispachollos,"🌀 Marca Amazon - Happy Belly Espresso Café UTZ molido de tueste natural en cápsulas (compostables) compatibles con Nespresso, 30 cápsulas (3x10). #Amazon 🇪🇸

💶 Precio oferta: 3,99€ 💥

💳 Enlace: https://t.co/M2lpaKlEZY

✨ 30 días grat ...
https://t.co/PrHoipOUGZ
#chollo",1.3113964640530964e+18
35,2020-09-30 20:06:10,Mencha_t,"#Amazon
https://t.co/aecQ2fGVlu",1.3113969418680689e+18
36,2020-09-30 20:05:21,kana_ogawa,"【アニメ】ベスト10
れぽーと10 のべ竿
https://t.co/on8JTeRjLG #Amazon",1.3113967394467594e+18
37,2020-09-30 20:03:21,readinglistbook,Read The Hidden Oracle (The Trials of Apollo Book 1) #Kindle #Free #Amazon #Books #Romance #Reading #Book  https://t.co/FXVWUeoeln,1.3113962341800018e+18
38,2020-09-30 20:10:12,rakten_kaden_,"10/01 05:10

送料無料 パナソニック ヘアードライヤー ナノケア
【楽天】14400円
【Amazon】14466円

★楽天で購入すると★
 66円 お得（お得率0％）

↓お得な情報を一覧で確認出来るサイト
https://t.co/kMQYxgL6Rh

#楽天市場 #Amazon #お得 #せどり https://t.co/n0LNyzptYj",1.3113979591965737e+18
39,2020-09-30 20:05:00,kana_ogawa,"【アニメ】ベスト10
映画クレヨンしんちゃん 新婚旅行ハリケーン ～失われたひろし～
https://t.co/r5SNiU0wEz #Amazon",1.311396651316048e+18
40,2020-09-30 20:05:32,kana_ogawa,"【アニメ】ベスト10
第10話 ピーター・グリルと怒りのメガトンアックス
https://t.co/PuAeiGrA8D #Amazon",1.3113967834492355e+18
41,2020-09-30 20:05:27,kana_ogawa,"【アニメ】ベスト10
命の輝き
https://t.co/p9ZQQyXD10 #Amazon",1.3113967614836695e+18
42,2020-09-30 20:03:54,TinaTinawhite1,"Imperfectly Perfect: Three Steps on the Parenthood Journey 
by Tiesha Bryant
https://t.co/YOXrlivdHo

#book #readers #readerscommunity #parenting #Kindle #Amazon #mustread",1.311396371946238e+18
43,2020-09-30 20:12:00,robertstanek,"When malicious targeting of my books stopped suddenly, I thought someone must have finally caught the #Amazon insiders responsible, and someone had, the Justice Department! 

https://t.co/5LUcdVXUFx

@nytimes @nytimesbooks @seattletimes @oregonian @newyorkpost @startribune https://t.co/rVNkLTMlFS",1.311398410105299e+18
44,2020-09-30 20:05:07,thebudgetguide,"Are there monopolies today? https://t.co/kBBnP4DhWx

Learn more about the anti-trust lawsuit going on with big tech. #bigtech #antitrust #monopoly #google #amazon #facebook #apple https://t.co/lu7rP7FDjU",1.3113966795606344e+18
45,2020-09-30 20:05:24,AndahuUzcategui,"""El fuego abrasador de la guerra engulle todo a su paso con vital violencia. Quema, arde, arde mucho.""

#Amazon #Kindle #KindleUnlimited https://t.co/KqnqECHRip",1.3113967514593935e+18
46,2020-09-30 20:09:09,hpl2016,"Last Chance! Would you like to win a $50 Amazon Gift Card or PayPal Deposit? Check out this easy entry Gleam giveaway for a chance to #WIN

Open Worldwide

@GooseGiveaways #wingiftcard #wincash #amazon #paypal #winmoney #sweepstakes #giveaways https://t.co/3XQwRt6ams",1.3113976942509097e+18
47,2020-09-30 20:06:00,ICS_AG,"""Es wird Zeit, dass Facebook, Google und Co. ihre Lobbynetzwerke in Europa offenlegen.” Transparenz steht nicht gerade ganz oben auf der Prioliste 
https://t.co/Mb84XrqiVG
#EU #Digital #Transparency #Lobbyismus #Facebook #Google #Apple #Amazon #Microsoft #Tech #US #Cerre #EPC",1.3113969001811026e+18
48,2020-09-30 20:05:12,rakten_kaden_,"10/01 05:05

【納期約3週間】★★東芝　RC-10VSP（K）　
【楽天】34423円
【Amazon】42570円

★楽天で購入すると★
 8147円 お得（お得率24％）

↓お得な情報を一覧で確認出来るサイト
https://t.co/kMQYxgL6Rh

#楽天市場 #Amazon #お得 #せどり https://t.co/dsZs8XCJFP",1.311396699307348e+18
49,2020-09-30 20:08:00,robertstanek,"When malicious targeting of my books stopped suddenly, I thought someone must have finally caught the #Amazon insiders responsible, and someone had, the Justice Department! 

https://t.co/5LUcdVXUFx

@newsday @bostonglobe @forbes @newsweek @fortunemagazine @business https://t.co/dQ5dmS6khB",1.3113974038666568e+18
,date,screen_name,tweet,tweet_id
0,2020-09-30 20:00:00,RevolusLLC,"My book is for those who deserve to know the truth, what happened during the US Election 2016.
Grab your copy now from https://t.co/QfWo8ZVc8P https://t.co/zQNHhxAqbQ
#Amazon #author #JeanRobert #historic #research #bookreader #booksale #specialbookoffer #USElections2016",1.3113953920433644e+18
1,2020-09-30 20:01:19,XperienceDope,"Blasting Cam'ron - Medellin (Club) right now on Pretty Dope Xperience Radio aka #BlackPandora

listen now and catch a wave!! https://t.co/VqKFopeoex  #nowplaying #np #RT  #NowStreaming #Streema Download Now #Alexa #GooglePlay #iOSAppStore #Amazon #",1.311395723993387e+18
2,2020-09-30 20:00:36,Libreria_Mundo,"ENTRA GRATIS A LA PRIMERA CLASE AQUI=== https://t.co/NuZ0nXii09 AL ENTRAR, PINCHAR DONDE DICE: ""VISTA PREVIA DE ESTE CURSO"". ALLÍ PODRÁS VER LA PROMO Y DISFRUTAR DE LA PRIMERA CLASE GRATIS . ENTRA AQUÍ ==)) https://t.co/3MsUTsgUJK #Libros #amazon #ebook #novela #escritor #kdp https://t.co/oXBgmysKiA",1.3113955415243817e+18
3,2020-09-30 20:00:00,AH0RRAC0M0NUNCA,"👕 VISTE esta camiseta #marca #PepeJeans

🔸 Para hombre

¡Desde SÓLO 11,99 💶!

🏪 En #Amazon

HAZTE CON ELLA 👉 https://t.co/9S02gTJU9f

#Moda #ropa https://t.co/pQJmu6HObW",1.3113953906551685e+18
4,2020-09-30 20:00:00,gilstefania,"¿Elena y la chica de la playa tendrán algo en común?
 No pienso dejarte ir 💟 Novela de Romance
 Tercera historia independiente de la Serie Reencuentros.
 Ir a AMAZON ➡️ https://t.co/7cy97JVp8t
 #libros #romance #oferta #kindle #amazon https://t.co/w2GU2DqcsC",1.3113953923664855e+18
5,2020-09-30 19:59:55,tsarlat,#amazon https://t.co/KO6Dwxn6Ws,1.3113953716550124e+18
6,2020-09-30 20:00:36,AlexWitzleben,"#JairBolsonaro lashes out at #JoeBiden for threatening Brazil with imposing sanctions for the deforestation of the Amazon - TV6 News
https://t.co/bHtmc2Ht3e #DonaldTrump #Amazon #EUGreenDeal #ClimateActionNow #ClimateAction #ClimateChangeIsReal #ClimateEmergency #ClimateCrisis",1.311395542220632e+18
7,2020-09-30 20:00:11,yuki_nagase,"【アジアンポップ】ベスト10
ASIAN POPS MAGAZINE 141号
https://t.co/mhchwwj0Xy #Amazon",1.311395437429977e+18
8,2020-09-30 20:00:24,shinchaku,【発売日：2020/09/26】月刊少年シリウス 2020年11月号 [2020年9月26日発売] [雑誌]  https://t.co/LnHItFn5lu #amazon,1.3113954939400028e+18
9,2020-09-30 20:01:28,KrisTheFed,This is amazing @Amazon and @FruitOfTheLoom ... Price Gouge Much?!?! The minute your product goes to “Only 1 Left” the product more than doubles in pricing! Looks like I’ll be finding another product very soon! #CaughtRedHanded #PriceGouging #Amazon #FruitOfTheLoom #Fail https://t.co/o24e2mgUzh,1.3113957599091507e+18
10,2020-09-30 20:00:24,shinchaku,【発売日：2020/09/25】くま　クマ　熊　ベアー １６【電子版特典付】 (PASH! ブックス)  https://t.co/s2m3KsBaYl #amazon,1.3113954926439096e+18
11,2020-09-30 20:00:36,john_neral,"#ShowUp Your Fall #Reads📚!
More: https://t.co/vVuPGPSNqD
#staycation #books #businessbooks #amazon #showupbook #showup6strategies #worklife #mindset #careers #jobs #hiring #promotion #leaders #remoteworkers #diversity #workingparents #women #woc #lgbtq #johnneralcoaching https://t.co/ThxgNUWkSo",1.3113955430259384e+18
12,2020-09-30 20:01:04,TyNMagazine,"#AmazonOne, el sistema para pagar con la mano
#Tecnologia #Amazon #InteligenciaArtificial
♦https://t.co/PIbWrI4tO4 https://t.co/yOC5PguwEv",1.3113956586334863e+18
13,2020-09-30 20:00:25,CoolDealCA,"💲💰
Tommy Hilfiger Women's Jersey ...
Reduced from $99.00 to $50.80

# #Deals #new #Deals #Amazon  #Deal #ganga

 https://t.co/gv9x2qVreR https://t.co/r4XaZc6gUF",1.311395496167125e+18
14,2020-09-30 20:00:18,buybooks_amazon,"#BestBooks #Amazon #Leadership : THE PRODUCTIVITY PROJECT: ACCOMPLISHING MORE BY MANAGING YOUR TIME, ATTENTION, --&gt; https://t.co/Fji04c6W7c",1.3113954665216614e+18
15,2020-09-30 20:00:59,dealnarwhal,Zinus Adrian Wood Rustic Style Platform Bed $173.00 https://t.co/T7kWEFpDwL at #Amazon https://t.co/VAGtrQdDmb,1.3113956397465969e+18
16,2020-09-30 20:00:16,dealnarwhal,DuraHook 990-S Triton Products Pegboard Kit $27.48 https://t.co/5ghE6AelEZ at #Amazon https://t.co/feE5QZGHFg,1.3113954574956872e+18
17,2020-09-30 20:00:20,HattonSolutions,"Snowflake gives investors a rare opportunity to disrupt Amazon https://t.co/uBYsrl6iw6 
#snowflake #aws #disrupt #cloud #flexible #amazon #hattonsolutions https://t.co/Zpof5PeSuS",1.3113954736813097e+18
18,2020-09-30 20:00:01,yuki_nagase,"【アジアンポップ】ベスト10
ASIAN POPS MAGAZINE 146号
https://t.co/bOf6WB6qBs #Amazon",1.311395393528193e+18
19,2020-09-30 20:00:32,yuki_nagase,"【アジアンポップ】ベスト10
Anon(アノン) ヘルメット スキー スノーボード メンズ RAIDER 3 ASIAN FIT 2019-20年モデル Mサイズ BLACK POP 21523100024
https://t.co/kVlfzwERg2 #Amazon",1.3113955252545413e+18
20,2020-09-30 19:59:41,robertstanek,"#bannedbooksweek Celebrating 15 years of Bugville, 3 million readers! Over 100 to choose from, all w stunning watercolor originals by @robertstanek

https://t.co/cOI1r5Dduh

#libraries #bn #play #amazon #goodreads #business #seattletimes #oregonian #startribune #forbes #newsday https://t.co/YOCU4opSTz",1.311395312636842e+18
21,2020-09-30 20:00:26,shinchaku,【発売日：2020/09/18】君のことが大大大大大好きな100人の彼女 3 (ヤングジャンプコミックスDIGITAL)  https://t.co/YyoCVgJ0Cm #amazon,1.311395499132498e+18
22,2020-09-30 20:00:37,yuki_nagase,"【アジアンポップ】ベスト10
Asian Pop Addict
https://t.co/jGOxrsDStP #Amazon",1.31139554733747e+18
23,2020-09-30 20:00:00,BaratoDeVerdad,"👕 VISTE esta camiseta #marca #PepeJeans

🔸 Para hombre

¡Desde SÓLO 11,99 💶!

🏪 En #Amazon

HAZTE CON ELLA 👉 https://t.co/BjmQUIWhXJ

#Moda #ropa https://t.co/PxBhNTxtYx",1.3113953929535652e+18
24,2020-09-30 20:00:19,TheInStockRoom,"***New Deal***
Tommy Hilfiger Women's Jersey ...
Reduced from $99.00 to $50.80
https://t.co/TTAMK3tDaL
#Deals #newDeals #Amazon https://t.co/bqKcSVunkj",1.3113954712823644e+18
25,2020-09-30 20:00:46,CoolDealCA,"18 Piece Nonstick Pots &amp; Pans Cookware Set only $51.99!!

#freebies #deals #deal #moneysaver #greatdeal #steals #discount #sale #bargain #bargainhunter #cheap #bestprice #Amazon  #Deals #giveaway #Deal #ganga

 https://t.co/PNLdY1Y0Pm https://t.co/qLflEph0SA",1.3113955848809062e+18
26,2020-12-04 16:50:25,ProcterGamble,"Everyone has the power to do SOMETHING. Tune in at 7 p.m. Dec. 10 to #TriState Strong: Getting to Zero to be inspired by how your neighbors &amp; familiar faces from health care, media and business have pulled together #TriStateStrong #GettingToZero",1.3349028910736097e+18
27,2020-09-30 20:00:15,Efedran,"Hicimos una compra en Amazon de un artículo (algo costoso) y esto llegó ¡NADA! El paquete fue abierto. Varias personas me habían advertido de esto pero nunca antes nos había pasado.
@amazonmex @TranswayTransp1 
@DCCDMX @Profeco @UnoNoticias #fraude #robo #AmazonPrimeDay #amazon https://t.co/vfRsJsZ44U",1.311395452428923e+18
28,2020-09-30 20:00:00,StoryMerchant,"#FREE through October 2! @kennja's foundational guide to the writer’s mind &amp; #productivity. Detailed steps of the #creativeprocess interface with the writer’s greatest asset, time.

Your #Amazon Review is Appreciated.
https://t.co/vVR8cXcdpc",1.3113953929955082e+18
29,2020-09-30 20:01:00,obtener,"Both Lincoln and Douglas valued honor more than getting elected.

#Nook https://t.co/vBqhijG668
#Apple https://t.co/b4ZodKc2er
#Amazon https://t.co/vuKQod0iRI
#Google https://t.co/A4TtdAEuv0
#Lulu: https://t.co/mqF6OkqFG9
#History #WednesdayWisdom https://t.co/ZN6fqt2BkW",1.3113956421960622e+18
30,2020-09-30 20:00:28,EarnLaptop,"This is where I learned how to become my own boss, earning consistent income from #Amazon and others, by just writing about things I enjoy that others do too. Become a #startup FREE Member Today! https://t.co/CAcPChzlZk  #makemoneyonline #MakeMoneyFromHome #entrepreneur #Google https://t.co/A2oObvHSSa",1.3113955067199939e+18
31,2020-09-30 20:00:23,shinchaku,【発売日：2020/08/26】異世界迷宮でハーレムを(6) (角川コミックス・エース)  https://t.co/3b4vi9lKjk #amazon,1.311395488873304e+18
32,2020-09-30 20:00:45,CoolDealCA,"Cuisinart 12 Piece Color Knife Set for $19.99!! 

#freebies #deals #deal #moneysaver #greatdeal #steals #discount #sale #bargain #bargainhunter #cheap #bestprice #Amazon  #Deals #giveaway #Deal #ganga

 https://t.co/JSJdp1osEL https://t.co/wypzDjOlUz",1.3113955820161966e+18
33,2020-09-30 20:00:01,dvt_corporate,RT GlenGilmore: #Amazon One lets you pay at stores 🏬 by scanning your palm ✋ https://t.co/Ao9UenBekY CDMihalcik ￼CNET #DigitalTransforma…,1.311395395600294e+18
34,2020-09-30 20:00:00,AlphaRepricer,"Here is Amazon Sellers' guide for Q4.

https://t.co/82k0jRe789

#Amazon #AmazonRepricer #AlphaRepricer #Sellers #amazonsellers #FBA #entrepreneur #Q4 #amazonmarketplace #fbasellers #USA #Iowa #California #Wyoming #NewJersey #NewYork #Washington  #Alaska #Georgia #Texas #NewYork",1.3113953922447729e+18
35,2020-09-30 20:01:42,chollosyoferta,"#Chollo #Amazon Huawei P30 Pro   Smartphone (Dual SIM, 256 GB), color negro [Versión alemana]

Reacondicionado: 447,52

    👇👇👇👇👇👇👇
👉 https://t.co/mea2PHTKO1 https://t.co/XTupqqUp9S",1.311395818826543e+18
36,2020-09-30 20:00:13,chollosyoferta,"#Chollo #Amazon 59% DESCUENTO ZTE Blade V10 Smartphone 6.3"" Full HD+ 19:9 (O

Precio oferta: 234,56
Reacondicionado: 94,34

    👇👇👇👇👇👇👇
👉 https://t.co/0FxC5WF7H7 https://t.co/rqyrsjeBzi",1.3113954444052152e+18
37,2020-09-30 20:00:28,shinchaku,【発売日：2020/08/20】ゴーマニズム宣言SPECIAL コロナ論  https://t.co/BrTx8iGyPl #amazon,1.3113955069003407e+18
38,2020-09-30 20:00:12,rakten_kaden_,"10/01 05:00

岩谷産業 スモークレス焼肉グリル「やきまる」 CB
【楽天】5478円
【Amazon】6000円

★楽天で購入すると★
 522円 お得（お得率10％）

↓お得な情報を一覧で確認出来るサイト
https://t.co/kMQYxgL6Rh

#楽天市場 #Amazon #お得 #せどり https://t.co/mrxKRlzNdS",1.3113954397578076e+18
39,2020-09-30 20:00:23,shinchaku,【発売日：2020/09/09】わたしの幸せな結婚 2巻特装版【デジタル版限定特典付き】 (デジタル版SEコミックスプレミアム)  https://t.co/Gk6M6Uro38 #amazon,1.311395486688047e+18
40,2020-09-30 20:00:16,yuki_nagase,"【アジアンポップ】ベスト10
ASIAN POPS MAGAZINE 144号
https://t.co/bnxawydD9f #Amazon",1.3113954593116283e+18
41,2020-09-30 20:00:42,yuki_nagase,"【アジアンポップ】ベスト10
Transnational Convergence of East Asian Pop Culture (Routledge Research in Digital Media and Culture in Asia)
https://t.co/gvRKgjiMXw #Amazon",1.311395569122685e+18
42,2020-09-30 20:00:06,yuki_nagase,"【アジアンポップ】ベスト10
ASIAN POPS MAGAZINE 147号
https://t.co/EJzoBkjOZZ #Amazon",1.3113954154727875e+18
43,2020-09-30 20:00:40,sandy_skull,"The Sugar Skull Harlots 3, Into the Fire #Zombie #Horror #newadult #terror #amazon #kindle https://t.co/XUAP85bcPi",1.3113955575465656e+18
44,2020-09-30 19:59:59,Pen2PadInk,"""These Are Not The Same Tears” by Vandra Noel is a great read. Get your hands on a copy today!!

https://t.co/dzRtAVhZdG

#goodreads #booklovers #availablenow #readworthy #bookclub  #eyecatcher #shoutout #amazon #amazonauthors https://t.co/5Z3RUar2xv",1.3113953888348815e+18
45,2020-09-30 20:00:27,yuki_nagase,"【アジアンポップ】ベスト10
ASIAN POPS MAGAZINE 128号
https://t.co/A1I7dgju06 #Amazon",1.3113955033518858e+18
46,2020-09-30 20:00:21,yuki_nagase,"【アジアンポップ】ベスト10
LOVE SCENARIO -KR Ver.-
https://t.co/AQJCGMkIej #Amazon",1.3113954812395192e+18
47,2020-09-30 20:00:02,sandors24,🧟‍♂️ #Wolverine #Gambit #Magneto #RedSkull #Deadpool #MarvelZombies #Marvel #MarvelCollectorCorps #Funko #Amazon @Marvel @OriginalFunko @amazon https://t.co/tPs2dhaSyy,1.3113953992745574e+18
48,2020-09-30 20:00:59,ChristBookFinds,Find out which of your #KindleBooks have an #Audible match https://t.co/L8wxY2Ueja #matchmaker #Amazon #audiobooks,1.3113956379178803e+18
49,2020-09-30 20:00:07,2BRUKREW,"@danielmarbach Demons &amp; Vampires vs. Gunfighting Priests &amp; an Immortal Knight! Read about all HELL BREAKING LOOSE in: Keepers Of The Gate! Only .99 on #Amazon! Action-Packed Supernatural #horror / #fantasy! 
https://t.co/aGmThnbvQs
https://t.co/dQcijhT0Q7
https://t.co/1GyKVhXhNm
#books #USA",1.3113954208415007e+18
,date,screen_name,tweet,tweet_id
0,2020-09-30 19:51:06,Goldenlegscomic,"Muy feliz por que los dos libros que ilustre ya están disponibles en #amazon, puedes hallarlos aquí:
https://t.co/eyBQrXdkQT
https://t.co/2BaVgdRJfk https://t.co/ppFef9gegd",1.3113931503138243e+18
1,2020-09-30 19:55:03,chollosyoferta,"#Chollo #Amazon Feber – Monopattino elettrico Urban Surf (Famosa 800011600)

Precio oferta: 45,88

    👇👇👇👇👇👇👇
👉 https://t.co/ksYJF4xRwl https://t.co/bvgfMnVaYx",1.3113941468218245e+18
2,2020-09-30 19:50:00,JohnHotta,"#Amazon introduces the Amazon One, a way to pay with your palm when entering stores.  From @TechCrunch: https://t.co/WbE7sq12y7 (A new touchless customer experience.)",1.3113928755743662e+18
3,2020-09-30 19:55:11,rakten_kaden_,"10/01 04:55

KINUJO(絹女)DS100KINUJO W W
【楽天】10980円
【Amazon】11858円

★楽天で購入すると★
 878円 お得（お得率8％）

↓お得な情報を一覧で確認出来るサイト
https://t.co/kMQYxgL6Rh

#楽天市場 #Amazon #お得 #せどり https://t.co/5hNoypxqEs",1.3113941802837893e+18
4,2020-09-30 19:59:21,robertstanek,"#bannedbooksweek Celebrating 15 years of Bugville, 3 million readers! Over 100 to choose from, all w stunning watercolor originals by @robertstanek

https://t.co/cOI1r5Dduh

#libraries #bn #play #amazon #goodreads #business #seattletimes #oregonian #startribune #forbes #newsday https://t.co/ChXCs0ClBS",1.311395228956291e+18
5,2020-09-30 19:52:52,chollosyoferta,"#Chollo #Amazon 63% DESCUENTO Donic Schildkröt 838579 Mesa de Tenis de Mesa Midi XL, 120 x 70 x 68 cm, jardín pequeño o el hogar, Azul

Precio oferta: 129,99
Reacondicionado: 47,39

    👇👇👇👇👇👇👇
👉 https://t.co/nzzokcgsbt https://t.co/cCCROyXUIM",1.3113935953883177e+18
6,2020-09-30 19:53:55,KaDaV021,"Going live soon! https://t.co/nLFQPT7BaR
#goinglive #TwitchStreamers #twitchstreamer #AmazonPrimeVideo #AmazonPrime #Amazon #ApexLedgends #Apex募集pc #APEX女子 #VALORANT #LeagueOfLegends #smallstreamer #SmallStreamerConnect  @SmallStreamersR",1.3113938603550024e+18
7,2020-09-30 19:49:15,Sk4xE,@anpan_kaz @syoukinroom2 ダイソン 掃除機 コードレス Dyson V7 Slim SV11 SLM 【日本の住居に合わせて設計、小型軽量化】 https://t.co/eGzydnddoN #Amazon,1.3113926862265958e+18
8,2020-09-30 19:58:12,BuySpry,"@AmazonHelp This is the problem @Amazon @AmazonHelp you claim there are solutions, but there is no follow through. If you are going to claim to support sellers and customers then do so, at this point you are just lying to everyone about the services/support that don't actually exist

#Amazon",1.3113949401156157e+18
9,2020-09-30 19:49:48,cch217,"All of Enda's Kitchen🍏#ebook #cookbooks are ONLY #99cents each on #Amazon and #FREE with #KindleUnlimited #food #drinks #recipes 
https://t.co/C5I1JlxawK",1.3113928246092636e+18
10,2020-09-30 19:50:46,chollosyoferta,"#Chollo #Amazon 61% DESCUENTO Lafuma Tumbona Relax, Plegable, RT 2, Texplast, Color: Girasol, 87 x 68 x 114 cm, LFM4018 9273

Precio oferta: 236,52
Reacondicionado: 90,12

    👇👇👇👇👇👇👇
👉 https://t.co/yjga1xepRK https://t.co/i7YbJPDLUl",1.3113930657566925e+18
11,2020-09-30 19:53:42,hispachollos,"🌀 Revlon ColorStay Base de Maquillaje piel mixto/graso FPS15 (#330 Natural Tan) 30ml. #Amazon 🇪🇸

💶 Precio oferta: 5,05€ 💥 (PVP normal: 12,95€)

💳 Enlace: https://t.co/xviJTWqoYB

✨ 30 días gratis de Amazon Music Unlimited : https:// ...
https://t.co/nQxRedImBI
#chollo",1.311393806344913e+18
12,2020-09-30 19:58:35,robertstanek,"#bannedbooksweek Celebrating 15 years of Bugville, 3 million readers! Over 100 to choose from, all w stunning watercolor originals by @robertstanek

https://t.co/cOI1r5Dduh

#libraries #bn #play #amazon #goodreads #business #seattletimes #oregonian #startribune #forbes #newsday https://t.co/APItkiAGXM",1.3113950328977326e+18
13,2020-09-30 19:51:43,Charlie_Cawood,"Cinders  - TBD Track 3 #bigtimeradio https://t.co/N76xPoatRr @Charlie_Cawood @BigTimeRadio1 @bigtime_news
 on #Amazon Echo &amp; App https://t.co/c7cZfm4MQo  #Top40 #Music 247 #Worldwide 3 #Radio #Stations 43 #Countries #Interviews #Billboard https://t.co/JiPHr6jZyC  #SUBMI",1.3113933049830687e+18
14,2020-09-30 19:56:31,vmarketingsite,"Majestic wood wall clock makes a perfect birthday gift idea!

https://t.co/UTjH4C5asq……

  #Amazon #AmazonPrime #clock #clocks #homedecorideas #giftidea  #clock   #giftidea",1.3113945141882757e+18
15,2020-09-30 19:52:50,ChrissyGuenther,"Skinny Personalized Stacking Rings, Handmade Personalized Stacking Rings with... https://t.co/v1FIOsTiCs via @amazon 

#Amazon #jewelry #gifts #rings #personalized",1.311393588257923e+18
16,2020-09-30 19:51:57,OmarMadder,"Last Chance! Would you like to win a $50 Amazon Gift Card or PayPal Deposit? Check out this easy entry Gleam giveaway for a chance to #WIN

Open Worldwide

@GooseGiveaways #wingiftcard #wincash #amazon #paypal #winmoney #sweepstakes #giveaways https://t.co/G4qqT4TMIz",1.3113933654775153e+18
17,2020-09-30 19:51:38,creativemm12,"👉https://t.co/ymaBrDdDwo #amazon👈
💯👉Auto Follower👈💯
💯👉#自動相互フォロー👈💯

#FollowBack
#Disney
#Henrik #Lundqvist
#Bad #Bunny #Crocs
#FollowNGain
#固定RT
#1000ADay
#相互フォロー100
#TFW
#拡散希望RTお願いします
#bts
#seventeen",1.3113932860959498e+18
18,2020-09-30 19:56:09,Jrreviews2,"Get a free trial to Amazon Music. Listen to millions of songs in one location. Click the link to sign up and get a free trial. 

https://t.co/bkMe2aO6VO

#amazon #free #FreeTrial #music #RetweeetPlease #RETWEEET #AmazonDeals #musiclovers",1.3113944220142141e+18
19,2020-09-30 19:59:06,robertstanek,"#bannedbooksweek Celebrating 15 years of Bugville, 3 million readers! Over 100 to choose from, all w stunning watercolor originals by @robertstanek

https://t.co/cOI1r5Dduh

#libraries #bn #play #amazon #goodreads #business #seattletimes #oregonian #startribune #forbes #newsday https://t.co/QK3GKzwLkX",1.3113951643304878e+18
20,2020-09-30 19:58:16,XperienceDope,"Blasting Looney Babie, YFN Lucci - Look At Me Now (Club) right now on Pretty Dope Xperience Radio aka #BlackPandora

listen now and catch a wave!! https://t.co/VqKFopeoex  #nowplaying #np #RT  #NowStreaming #Streema Download Now #Alexa #GooglePlay #iOSAppStore #Amazon #",1.3113949553955062e+18
21,2020-09-30 19:52:58,PuraPhyHemp360,"Did you know that Amazon, the world’s largest online retailer, has a CBD problem? Find out more at https://t.co/yJRVkMpcJJ — #puraphy #amazon #cbd https://t.co/WRUf5yEqFN @amazon https://t.co/asEjZyeMl1",1.3113936203107901e+18
22,2020-09-30 19:57:13,AppDropped_UK,"Check out this #Amazon Bestseller - 5PCS Fashion Protective, Unisex Black Dust Cotton, Wash for £10.99
https://t.co/YbXfaPmlvA https://t.co/0nMLKN2tLE",1.3113946923874386e+18
23,2020-09-30 19:54:37,thecraftsking,"Crafts King Awesome Decorative Products..
Contact us For enquiry..
+91-7579724896

#homedecor #decorative #indian #gifted #Diwali gifts #metalart #bestdesign #beautiful #amazon #onlineshop #thecraftsking https://t.co/D9PrwGxlFr",1.311394038428336e+18
24,2020-09-30 19:51:02,chollosyoferta,"#Chollo #Amazon 52% DESCUENTO Batman M14196 DC Comics Tri Scooter

Precio original: 32,7
Precio oferta: 31,48
Reacondicionado: 15,48

    👇👇👇👇👇👇👇
👉 https://t.co/P6D3IZPK3k https://t.co/nIgSAf3xl4",1.3113931349334098e+18
25,2020-09-30 19:53:57,review_yuki,WoW!me（ワオミー）で「あなたの商品・作品にレビューします♪」の出品をしています！ https://t.co/DkNiwS6Ut9 #ワオミー #Amazon #楽天 #Yahoo,1.3113938704757187e+18
26,2020-09-30 19:57:40,grosso_nacho,"Amazon te da la oportunidad de hacer listas de nacimiento.
Mira cómo aquí👇🏻
https://t.co/eVwNRqS90C #Amazon https://t.co/vw4WhMNbHS",1.311394805419774e+18
27,2020-09-30 19:50:04,mike_unorthodox,Available on all platforms 50 Diet Tips for MMA and Combat Sports https://t.co/cSGAXL5S4q #blog #nutrition #articles #diet #mma #bjj #ukmma #fatloss #fitfam #amazon #UFC #diettips #unorthodox #unorthodoxnutrition #teamunorthodox #UKBJJ #dieting #weightcut #weightcutting #cut,1.311392892695597e+18
28,2020-09-30 19:50:03,robertsnickc,"Relax with a Nick C. Roberts. 5* #thrillers &amp; #shortstory collections. Available in #ebook &amp; #paperback form via #Amazon worldwide or read for #free on #KindleUnlimited #Mystery #Mustread #books #bibliophile #ReadMore  
https://t.co/wxod6Sm5WE
https://t.co/CEukDj0w7Q https://t.co/asFrexN1ec",1.311392885565272e+18
29,2020-09-30 19:54:25,mpjgddgwpaw,"欲しかったあの製品があとわずか？
2020年10月1日4時時点の数量限定タイムセール中のガジェット製品は？

 こちらをチェック↓
 https://t.co/HT9tblOj1R 

#Amazon #アマゾン #タイムセール #ガジェット",1.3113939857771192e+18
30,2020-09-30 19:53:45,chollosyoferta,"#Chollo #Amazon 81% DESCUENTO Lenovo za3 °C0000se occhiali da VR indipendenti Mirage Solo con daydream, Bianco

Precio oferta: 559,9
Reacondicionado: 101,53

    👇👇👇👇👇👇👇
👉 https://t.co/xjOsSWUqPp https://t.co/45t0ptVLEQ",1.311393816709079e+18
31,2020-09-30 19:58:12,giocarmon,"-.-  La versione ebook del libro #Briciole di #terra costa solo 2,99 € - Lo trovi su #Amazon - Il libro che si muove tra poesia, prosa, canzone, fotografia e arte frattale
https://t.co/KH1RtDRjrc https://t.co/i50p8waSXJ",1.3113949377375355e+18
32,2020-09-30 19:56:03,soso_piano,"Organic &amp; beautiful piano album: ""The Sound of Life""
https://t.co/pc6WjYLlup

#iTunes #AppleMusic #Amazon #Spotify #GooglePlay",1.3113943982701568e+18
33,2020-09-30 19:50:11,rakten_kaden_,"10/01 04:50

シャープ【SHARP】加湿空気清浄機 KC-J50
【楽天】18970円
【Amazon】19029円

★楽天で購入すると★
 59円 お得（お得率0％）

↓お得な情報を一覧で確認出来るサイト
https://t.co/kMQYxgL6Rh

#楽天市場 #Amazon #お得 #せどり https://t.co/n8DUn51G7w",1.3113929204700774e+18
34,2020-09-30 19:49:38,bee08287178,"beeアシストはAmazonFBA納品代行サービスを行なっております。お問い合わせ、お見積もりお気軽にお尋ね下さい。

#Amazon #せどり #納品代行 #FBA",1.3113927832660541e+18
35,2020-09-30 19:55:04,LWNovels,Leslie Wolfes #Amazon Store! See all novels in one place! #rt #nowplaying #update #love #Free #life #pop #Book https://t.co/YNBvpKlgeV,1.3113941504372244e+18
36,2020-09-30 19:57:46,DigitalMktngHub,"How to Combine SEO &amp; PPC Data for More Powerful Results

https://t.co/vYwusSFxXX
#ecommerce #seo #shopify #google #sales #cro #analytics #content #ai #entrepreneur #bigdata #datascience #app #apps #smm #amazon #linkedin #brand #blog #blogger #blogging #branding #ads #advertising",1.3113948295119176e+18
37,2020-09-30 19:54:49,vmarketingsite,"Cute mantel clock 🕰 makes an excellent Birthday Day gift 🎁 idea.

https://t.co/mtqbQ2EnS2

#Amazon #AmazonPrime #clock #clocks #homedecorideas #giftidea  #clock   #giftidea",1.31139408899917e+18
38,2020-09-30 19:52:43,eadingas,"Hey #historicalfantasy fans - The Year of the Dragon - Complete Box-set, 8 books - only £1.99 until tomorrow! 

#fantasy #histfantasy #amazon #amazondeal #deal #bargain #steampunk #dragons

https://t.co/Cj4hTNZvhP https://t.co/kQTeGaWQXO",1.3113935586964726e+18
39,2020-09-30 19:56:57,chollosyoferta,"#Chollo #Amazon 82% DESCUENTO Uvex Sportstyle 706 CV Gafas de Deporte, Adultos Unisex, Negro, One Size

Precio original: 89,95
Precio oferta: 63,17
Reacondicionado: 16,01

    👇👇👇👇👇👇👇
👉 https://t.co/aZCEN8xPsG https://t.co/NJhYV5Y8Uj",1.311394625823953e+18
40,2020-09-30 19:49:29,Gabriel22Josue,#OSenhorDosAneis #TheLordOftheRings #AmazonPrime #Serie #LOTRonPrime #Amazon #TheBoys https://t.co/uSqzOTY8Gq,1.3113927464695603e+18
41,2020-09-30 19:49:36,Metaforce5,"Is @amazon’s expansion to Bellevue strategic or politically driven? @bizjournals #Amazon #retail #brand #stratgy
https://t.co/2zjvp1IWx5",1.3113927742903214e+18
42,2020-09-30 19:56:00,msladyjones1,"Sacred Mischief https://t.co/4oxmV4y6uX #Amazon

New book alert!! #ebook #AmazonDeals #author #vorriececooper #sacredmischief #autobiography #sanfranciscoauthor #SanFrancisco #IndependentArtist #publishedauthor #BookBoost #newbookalert #musician 

Sacred Mischief",1.3113943865009684e+18
43,2020-09-30 19:59:07,dcmuslimjustice,"Tomorrow, as part of the For Us Not Amazon coalition, JMC will be co-hosting an open house on the organizing work against Amazon that we have been part of in the DMV.  Come learn more and find out how to get engaged!  RSVP:  https://t.co/iJEKKwzHle #Amazon https://t.co/9MkuxGXciD",1.3113951707479e+18
44,2020-09-30 19:55:02,DebraUllrick,How can she leave him? THE DREAMER &amp; THE COWBOY https://t.co/EAndHnjO8U #bookbuzz #ebooks #Amazon,1.3113941403164795e+18
45,2020-09-30 19:50:34,naturalhealthbl,"Complete Mediterranean Diet Cookbook: 500 Vibrant, Kitchen-Tested Recipes for Living and Eating Well Every Day

BUY NOW FROM AMAZON AT:

https://t.co/zF2U3JyvHo

#MediterraneanDiet #Cooking #Recipes #Books #Health #Food #Diet #Nutrition #Amazon https://t.co/ND1jBtOOqW",1.3113930158738964e+18
46,2020-09-30 19:54:20,XperienceDope,"Blasting Sadat X - Imagine (feat. Rhymefest &amp; Jabar) [Explicit] right now on Pretty Dope Xperience Radio aka #BlackPandora

listen now and catch a wave!! https://t.co/VqKFopeoex  #nowplaying #np #RT  #NowStreaming #Streema Download Now #Alexa #GooglePlay #iOSAppStore #Amazon #",1.3113939671629169e+18
47,2020-09-30 19:55:56,vmarketingsite,"Rectangular Grey digital wall clock ⏰  makes a great birthday gift 🎁 idea.

https://t.co/egzXycqhmu
 
  #Amazon #AmazonPrime #clock #clocks #homedecorideas #giftidea  #clock   #giftidea",1.311394368838865e+18
48,2020-09-30 19:53:06,chollosyoferta,"#Chollo #Amazon 81% DESCUENTO Uvex sportstyle 224 CV Gafas de deporte, Adultos unisex, white, one size

Precio original: 99,95
Precio oferta: 66,05
Reacondicionado: 18,4

    👇👇👇👇👇👇👇
👉 https://t.co/LsB7pbfocs https://t.co/cyDZjKZ8rV",1.3113936564447846e+18
49,2020-09-30 19:59:17,chollosyoferta,"#Chollo #Amazon Huawei 51092ssx mate10 Pro 15,24 Cm (6 Pulgadas) Smartphone (128GB Memoria Interna, 6 GB RAM, cámara 20 MP, Bicolor Flash, Android 8.0, emui 6.0) Titanium Gris

    👇👇👇👇👇👇👇
👉 https://t.co/AwoMkhnZWh https://t.co/fsv4yS13vX",1.3113952121330442e+18
,date,screen_name,tweet,tweet_id
0,2020-09-30 19:46:33,TheInStockRoom,"***New Deal***
95oz Snuggle SuperCare Liquid ...
Reduced from $19.98 to 2 for $10.95
https://t.co/ckySIoiGit
#Deals #newDeals #Discounts #Amazon https://t.co/ndGlaUK0J7",1.3113920077266944e+18
1,2020-09-30 19:48:41,vmarketingsite,"Beautiful Pendulum wall clock You Love to give as a birthday gift 🎁.

https://t.co/Vk1AKi1m7q

#Amazon #AmazonPrime #clock #clocks #homedecor #gift",1.3113925421230694e+18
2,2020-09-30 19:42:37,CoolDealCA,"💲💰
eero Pro 6 Mesh WiFi System Bu...
Reduced from $719 to pre-order for $599

# #Deals #new #Deals #savings #Amazon  #Deal #ganga

 https://t.co/bjF78FbD3N https://t.co/yoTltg8tft",1.3113910173760594e+18
3,2020-09-30 19:42:02,robinsnewswire,"""GOKOO Waterproof Sport Activity Tracker Smartwatch only $27.99: eDeal Info"" #Amazon #Ebay #Walmart #Discounts #Coupons #Deals: https://t.co/hnsAJAQWFi",1.3113908709947433e+18
4,2020-09-30 19:49:06,Sk4xE,ダイソン 掃除機 コードレス Dyson V7 Slim SV11 SLM 【日本の住居に合わせて設計、小型軽量化】 https://t.co/eGzydnddoN #Amazon,1.3113926488721285e+18
5,2020-09-30 19:43:28,LEGOPriceScout,RT dealnarwhal LEGO Star Wars Stormtrooper Helmet 75276 Building Kit $53.49 https://t.co/LhLCEieAso at #Amazon https://t.co/B6x0IBntZ8,1.3113912314533356e+18
6,2020-09-30 19:42:02,robinsnewswire,"""Kate Spade Staci Laptop Tote for $125 + free shipping: Deal News"" #Amazon #Ebay #Walmart #Discounts #Coupons #Deals: https://t.co/JpgT1Y7zFA",1.311390869266686e+18
7,2020-09-30 19:45:11,thecruxfinder,Class Action Lawsuit Alleges Amazon is Exploiting Consumers During COVID-19 #amazon #Amazonfba #fba #AmazonSeller #eCommerce #onlineseller #onlineselling #primeday #listing #amazonppc #sellertool #buybox #fbaseller #repricer https://t.co/4nBQQFvgGd,1.3113916632695235e+18
8,2020-09-30 19:42:27,XperienceDope,"Blasting E-40, Cousin Fik, Laroo - I Don't Like Em (Club) right now on Pretty Dope Xperience Radio aka #BlackPandora

listen now and catch a wave!! https://t.co/VqKFopeoex  #nowplaying #np #RT  #NowStreaming #Streema Download Now #Alexa #GooglePlay #iOSAppStore #Amazon #",1.3113909743929057e+18
9,2020-09-30 19:44:21,AtodariyaAsh,#Amazon #AmazonSpinandWin #Apple #AppleMacBookPro #AmazonIn #AmazonIndia #FunZone #QuizTime #FZQuizTime #AmazonQuiz https://t.co/YYMD5GoJrf,1.3113914528455598e+18
10,2020-09-30 19:46:39,CoolDealCA,"💲💰
95oz Snuggle SuperCare Liquid ...
Reduced from $19.98 to 2 for $10.95

# #Deals #new #Deals #Discounts #Amazon  #Deal #ganga

 https://t.co/icc6zet0eG https://t.co/OTy5HQKAjr",1.311392032158552e+18
11,2020-09-30 19:44:49,thetrendmemo,"OVER 1 MILLION DEALS ON AMAZON PRIME DAY
https://t.co/9sl3bQD1gO #amazon #primeday",1.3113915688054047e+18
12,2020-09-30 19:41:52,CholloLinkES,"‍SUPER PRECIO ❗️🔸 #Amazon | #Zapatos
📣New Balance Fresh Foam Evare, Zapatillas para Correr de Carretera para Hombre

 ✅PRECIO OFERTA: 36,48€ 

📏 Talla 42.5 EU

   ⤵️ Link de compra
   🌐 https://t.co/qBpRh9Afu0

Visto en https://t.co/JpQzg3pNYP https://t.co/wI744dR3M5",1.311390828988969e+18
13,2020-09-30 19:45:05,chollosyoferta,"#Chollo #Amazon 65% DESCUENTO EGLO Lámpara de mesa E27, marrón

Precio original: 36,71
Precio oferta: 36,7
Reacondicionado: 12,82

    👇👇👇👇👇👇👇
👉 https://t.co/11t1W63T8Q https://t.co/Fa4BMfgbmi",1.3113916366314537e+18
14,2020-09-30 19:42:35,pratik1357,Language will play a big role in tapping the next billion customers... #ecommerce #tech #mobile #App #vernacular #India #Market #Shopping #Amazon #Flipkart https://t.co/0570OouuJ2,1.3113910070369935e+18
15,2020-09-30 19:44:29,HollidayHearts,"My school has just announced that we will not be returning to school this semester due to COVID19 There are a few things that I need to make my work area functional! Check my list out below. #clearthelist #amazonteacher #teacher #amazon #DigitalLearning 

https://t.co/t7GnraKFtu",1.311391486697767e+18
16,2020-09-30 19:48:02,FreebieDepot,►► Get $10 #Free to Spend at #Amazon for Buying Some Groceries ►► https://t.co/6vL34FzNZ8 ►► #AmazonPrime #AmazonPrimeDay #FREEStuff #Freebie #HappyPrimeDay #PrimeDay ►► @FreebieDepot https://t.co/P7zjVJMFUf,1.311392378192892e+18
17,2020-09-30 19:42:26,EvilyPurple12,"#GirlsWhoReadandWrite  in times of uncertainty creativity is here to help us to forget problems &amp; focus on something much bigger than ourselves Follow in the footsteps of creators like @kelliburris7 Find her novel #TheHauntingofDonanCastle on #Amazon or #Smashwords
#pg304of366 https://t.co/PtAGwfDStl",1.311390969258885e+18
18,2020-09-30 19:48:44,Alnabal_,"""...y ahora yo me enfrento a mis propias injusticias.""

#leer #literatura #poesia #relatos #relatoscortos #libros #librosrecomendados  #librosamazon   #librosdebolsillo
#amazon #kindle  #casadellibro #fnac  #frases #accionpoetica https://t.co/yx4FtNX4ao",1.31139255659341e+18
19,2020-09-30 19:45:14,CoolDealCA,"Sun Joe Electric Leaf Blower only $17.24!!

#freebies #deals #deal #moneysaver #greatdeal #steals #discount #sale #bargain #bargainhunter #cheap #bestprice #Amazon  #Deals #giveaway #Deal #ganga

 https://t.co/NQZRpWFtew https://t.co/V6bDA1h2zW",1.3113916764102328e+18
20,2020-09-30 19:43:13,AppDropped_UK,"Check out this #Amazon Bestseller - 10.1 Inch Phablet Octa Core 64GB ROM 4GB RAM Call Phone for £61.99
https://t.co/JMpQ00T2lW https://t.co/curyai6Wkp",1.3113911690715136e+18
21,2020-09-30 19:43:54,catandolivro,"📚 CIdade da Lua Crescente. Casa de Terra e Sangue (Vol. 1) - Acompanha Pôster, Marcador e Bolsa

✨Por: R$ 59,90 +  FRETE GRATIS assinando Amazon Prime.  Assine aqui:  https://t.co/6qR5bdzvU5 

🏪 Loja: #Amazon
✅ Compre aqui: 
https://t.co/Obf9S7S9Gb

#CidadeDaLuaCrescente",1.3113913416209859e+18
22,2020-09-30 19:45:10,rakten_kaden_,"10/01 04:45

スライヴ(THRIVE) MD-4220 [フット
【楽天】7080円
【Amazon】7495円

★楽天で購入すると★
 415円 お得（お得率6％）

↓お得な情報を一覧で確認出来るサイト
https://t.co/kMQYxgL6Rh

#楽天市場 #Amazon #お得 #せどり https://t.co/BDQXwu83jd",1.3113916603669914e+18
23,2020-09-30 19:48:58,BrickSearch,"#LEGO 76126 #Marvel #Avengers Ultimate Quinjet Plane, Super Heroes Playset incl. Black Widow, Hawkeye, Rocket and #Thor Minifigures #Amazon #US #Bricks #BrickSearch
🔗 https://t.co/t4GOZCOMH5 *",1.3113926155065467e+18
24,2020-09-30 19:45:20,Jrreviews2,"Save over 70% on these earbuds. Only $10.49 after code is applied. Click the link below to save. Code automatically applied at checkout. 

https://t.co/7thZKLazWV

#amazon #Deals #DealoftheDay #dealsandsteals #earbuds #RETWEEET #RetweeetPlease #stealsanddeals #headphones",1.3113916999529595e+18
25,2020-09-30 19:42:02,robinsnewswire,"""Carter's Kids' Halloween Pajamas at Macy's: 40% off + extra 30% off + free shipping w/ $25: Deal News"" #Amazon #Ebay #Walmart #Discounts #Coupons #Deals: https://t.co/CVw6ptZYsP",1.3113908703068692e+18
26,2020-09-30 19:43:05,tukuhnikivats,Just when I thought the perfect book didn't exist. These are on Amazon Kindle. Note how Picard is a nekked cat!!! And Scotty is a Scottish fold! Author Jenny Parks is a genius.  #startrek #startrektng #startrekthenextgeneration #cats #CatsOfTwitter #startrektos #kindle #Amazon https://t.co/Q0j2npetge,1.3113911360244163e+18
27,2020-09-03 18:26:48,LenovoLegion,"Lenovo Legion x @PlayApex
Now is your chance to rise above the rest. 
Unmatched performance, purposeful engineering, modern design.
Gear up with a machine as savage as you are.
Stylish outside.
Savage inside.",1.301587465258578e+18
28,2020-09-30 19:43:16,creativemm12,"&lt;Current Weather&gt;
Los Angeles
Temperature: 95.25°F/ Status: clear
👉https://t.co/KmYMmVrdNJ #amazon👈
💯👉Auto Follower👈💯
💯👉#自動相互フォロー👈💯

#固定RT
#NBC #news
#Palantir
#Equity
#TeamFollowback
#固定ツイートRT
#f4f
#相互リツイート
#FollowNG",1.3113911804840796e+18
29,2020-09-30 19:42:31,TheInStockRoom,"***New Deal***
eero Pro 6 Mesh WiFi System Bu...
Reduced from $719 to pre-order for $599
https://t.co/zNAYfzsPaU
#Deals #newDeals #savings #Amazon https://t.co/GNhPDVpSLU",1.311390993233703e+18
30,2020-09-30 19:42:35,AmazonCoin_io,"AmazonCoin ⬇
$AMA ➡ $0,0176

👉👉 https://t.co/GydSZXKIno 🌿

#amazoncoin #amazon #nature #decentralized #green #cryptocurrencies #cryptocurrency #crypto #defi #dex #cryptonews #ethereum #ether #eth #blockchain #coin #token #ico #tokensale #startup #bitcoin  #btc $BTC $ETH https://t.co/aVxOba99q8",1.3113910084170793e+18
31,2020-09-30 19:42:10,kbenart1,"Review of Swords of Ansgar, Reviewed By Marta Tandori https://t.co/ls3yQiCrfj 
#amreading #freebie on #amazon #kindlebooks today",1.3113909051659182e+18
32,2020-09-30 19:46:28,TheCheekyTaurus,How Benefit Segmentation Can Boost Your Marketing Campaigns https://t.co/iSmlrBgquJ #Alexa #Amazon,1.3113919835759903e+18
33,2020-09-30 19:47:12,thewolfisshe,Amazon is selling these shirts. Time to cancel membership to this company. #Amazon #cancelamazon https://t.co/dyK8uXvTt1,1.311392169756971e+18
34,2020-09-30 19:42:02,robinsnewswire,"""Puma Mens Pacer Next Excel Running Sneakers only $26.25: eDeal Info"" #Amazon #Ebay #Walmart #Discounts #Coupons #Deals: https://t.co/bgKoAHN7v3",1.3113908686710866e+18
35,2020-09-30 19:42:30,mellos10,"Last Chance! Would you like to win a $50 Amazon Gift Card or PayPal Deposit? Check out this easy entry Gleam giveaway for a chance to #WIN

Open Worldwide

@GooseGiveaways #wingiftcard #wincash #amazon #paypal #winmoney #sweepstakes #giveaways https://t.co/U0s1uUmtU7",1.3113909864137892e+18
36,2020-09-30 19:43:41,nanayuki9kuxu7,"作るつもりだったんだけど、コレで美鈴やるのどうだろうか。

赤色だからモチーフカラーでは無いが……

https://t.co/Tb05aPYx6F #Amazon",1.311391283978494e+18
37,2020-09-30 19:45:01,ParanormalAdds,"""...a wonderfully fast-paced #dystopain that keeps you engrossed till you are done reading."" #Amazon Reviewer ★★★★★ 
Judge for yourself. Grab your copy at #ibooks, #nook, and everywhere else: https://t.co/rrHJzbz86L  

#reading #whattoread https://t.co/4HowFJBRR1",1.311391619682308e+18
38,2020-09-30 19:48:59,AtodariyaAsh,I played this interesting Guess and Win on Amazon https://t.co/nua71grB5T #Amazon,1.3113926181028782e+18
39,2020-09-30 19:42:01,robinsnewswire,"""KALAWW Pull Up Bar and Pull-up Band only $9.20: eDeal Info"" #Amazon #Ebay #Walmart #Discounts #Coupons #Deals: https://t.co/Vbohl6n86m",1.3113908674254275e+18
40,2020-09-30 19:49:10,creativemm12,"👉https://t.co/TcM6ymXZh6 #amazon👈
💯👉Auto Follower👈💯
💯👉#自動相互フォロー👈💯

#autofollower
#NBC #news
#Palantir
#Equity
#拡散希望RTお願いします
#followermachine
#相互RT
#500ADay
#f4f
#followtrick
#TFW
#FollowBack",1.3113926637200056e+18
41,2020-09-30 19:46:16,Buch_Bestseller,Identität 1142: 23 Quarantäne-Kurzkrimis von Sebastian #Fitzek https://t.co/omxN2K95jB ist jetzt neu auf Platz 9 der Top 50 #Amazon #Bestseller.,1.311391933575594e+18
42,2020-09-30 19:46:46,AtodariyaAsh,I played this interesting Quiz on Amazon https://t.co/BBH0iCLTMm #Amazon #AmazonQuiz,1.3113920625631232e+18
43,2020-09-30 19:47:49,AtodariyaAsh,I played this interesting Quiz on Amazon https://t.co/BBH0iCLTMm #Amazon #AmazonQuiz #AmazonQuizTime #QuizTime #WorldAnimalDayQuiz https://t.co/ylvgJ9F2dC,1.3113923247113216e+18
44,2020-09-30 19:48:07,Chacana26,If you have amazon wishlist dm me. I can buy whatever you want #buyingcontent #sellingcontent #feetpic #secretseller #snapsessions #Amazon,1.311392402243031e+18
45,2020-09-30 19:49:04,edy_werder,"Visit my website for best #tech #amazon #Deals with #reviews and buying #Tips, sections for #smarthome  #smartwatches #Tablets and #laptops https://t.co/PYquLtmQA4",1.3113926409869517e+18
46,2020-09-30 19:45:17,rainingcali,"Last Chance! Would you like to win a $50 Amazon Gift Card or PayPal Deposit? Check out this easy entry Gleam giveaway for a chance to #WIN

Open Worldwide

@GooseGiveaways #wingiftcard #wincash #amazon #paypal #winmoney #sweepstakes #giveaways https://t.co/nH3yhOjrjE",1.3113916897689723e+18
47,2020-09-30 19:42:45,momsonthego2014,"https://t.co/K2ojh7JpXM
#amazon, #publishers",1.3113910489634284e+18
48,2020-09-30 19:45:26,vmarketingsite,"Lovely Grandfather Wall Clock That Chimes Makes A great birthday gift idea.🙂

https://t.co/FXlS8Qf4ZC

 #Amazon #AmazonPrime #clock #clocks #homedecor #gift",1.311391723432616e+18
49,2020-09-30 19:49:13,XperienceDope,"Blasting PRhyme - To Me, To You right now on Pretty Dope Xperience Radio aka #BlackPandora

listen now and catch a wave!! https://t.co/VqKFopeoex  #nowplaying #np #RT  #NowStreaming #Streema Download Now #Alexa #GooglePlay #iOSAppStore #Amazon #",1.3113926776284488e+18
,date,screen_name,tweet,tweet_id
0,2020-09-30 19:35:16,kana_ogawa,"【青春映画】ベスト10
ごあいさつ
https://t.co/FJbwa1hBwg #Amazon",1.3113891677382574e+18
1,2020-09-30 19:35:06,kana_ogawa,"【青春映画】ベスト10
ここは退屈迎えに来て
https://t.co/f69CllRZ9J #Amazon",1.3113891236686643e+18
2,2020-09-30 19:40:03,LWNovels,This new female protagonist is amazing! GLIMPSE OF DEATH #Retweet #Follow #Amazon #summer #mystery #ku https://t.co/CwpSauvP0M,1.3113903713316823e+18
3,2020-09-30 19:35:27,kana_ogawa,"【青春映画】ベスト10
君は月夜に光り輝く
https://t.co/9MQTphhHwo #Amazon",1.3113892115016294e+18
4,2020-09-30 19:37:03,USACoolDeals,Stash Finally found a way to invest in #Amazon #google through the Internet Titans fund. Here's $5 to try it out: https://t.co/9ZGTl0A2vO,1.31138961729647e+18
5,2020-09-30 19:40:44,Badmanxl,Michel Leeb prochainement dans la série @TheBoysTV ! 😂 #JohnNoble #sosie #MichelLeeb #karlurban #TheBoys #amazon #prime #primevideo #wtf #LordOfTheRings https://t.co/4UnJxj7tPs,1.3113905423669002e+18
6,2020-09-30 19:35:10,CoolDealCA,"Canon PowerShot SX530 Digital #Camera for $199!! (Retail: $379)

#freebies #deals #deal #moneysaver #greatdeal #steals #discount #sale #bargain #bargainhunter #cheap #bestprice #Amazon  #Deals #giveaway #Deal #ganga

 https://t.co/GhG3WGfymd https://t.co/IrCG25pqg8",1.3113891418930995e+18
7,2020-09-30 19:36:06,bmurphypointman,#linkedin #twitter #facebook #amazon #instagram Need to make money? Save money while shopping? Get discounts on travel? Check out my website https://t.co/vBHLD11zwQ,1.311389378623701e+18
8,2020-09-30 19:35:11,CoolDealCA,"Best Selling L-Shape Desk back for $99.87!! 🔥 

#freebies #deals #deal #moneysaver #greatdeal #steals #discount #sale #bargain #bargainhunter #cheap #bestprice #Amazon  #Deals #giveaway #Deal #ganga

 https://t.co/39CYWOKHfk https://t.co/nfZZnlZ3Zz",1.3113891480376443e+18
9,2020-09-30 19:35:08,XperienceDope,"Blasting Scotty Iv - Libido (Club) right now on Pretty Dope Xperience Radio aka #BlackPandora

listen now and catch a wave!! https://t.co/VqKFopeoex  #nowplaying #np #RT  #NowStreaming #Streema Download Now #Alexa #GooglePlay #iOSAppStore #Amazon #",1.31138913337865e+18
10,2020-09-30 19:35:59,MicheleGullia,Sono riuscito a mettere una #rtx3080 #nvidia nel carrello #amazon ( ce ne sono state 10 disponibili per 1 minuto) ma sono 3 giorni che l’ordine è in questo stato. Ma che pure Amazon di e’ messo a fare come Nvidia? Millanta di avere schede che non ha? https://t.co/wHVLo4DTaw,1.3113893491041894e+18
11,2020-09-30 19:35:11,CoolDealCA,"3.5Bar Espresso Coffee Maker for $39.99!!

#freebies #deals #deal #moneysaver #greatdeal #steals #discount #sale #bargain #bargainhunter #bargainshopper #cheap #bestprice #Amazon  #Deals #giveaway #Deal #ganga

 https://t.co/0hq5uNCjL0 https://t.co/JFhAbp0Xcz",1.3113891451729715e+18
12,2020-09-30 19:37:01,CoolDealCA,"Get those Amazon purchases 🎁shipped faster for free 
One month #free #Amazon Prime trial
6 month 👀 free for students
click for details
https://t.co/vkCEWOmxOz https://t.co/rfjFWaT14g",1.3113896088911012e+18
13,2020-09-30 19:35:21,kana_ogawa,"【青春映画】ベスト10
青夏 きみに恋した30日
https://t.co/jB8NWiEL8X #Amazon",1.3113891896324383e+18
14,2020-09-30 19:35:10,rakten_kaden_,"10/01 04:35

パナソニック テレビドアホン用増設モニター（電源コ
【楽天】11110円
【Amazon】11950円

★楽天で購入すると★
 840円 お得（お得率8％）

↓お得な情報を一覧で確認出来るサイト
https://t.co/kMQYxgL6Rh

#楽天市場 #Amazon #お得 #せどり https://t.co/LSJawGTWhJ",1.3113891402193551e+18
15,2020-09-30 19:40:07,KeChollos,"Rowenta CV7825F0 Blanco - Secador de pelo AC, Potencia 2100W 
#Amazon #ofertas #chollo #chollos #Belleza #Secador #Rowenta #Pelo

💵Precio: 23.99€ (20%)
🚚Envío: GRATIS
https://t.co/rKa8RyUvcp",1.3113903873706803e+18
16,2020-09-30 19:39:03,MetMillennium,"#MetMillennium welcomes #Amazon'sHQ 
A good neighbor is a priceless treasure. https://t.co/4YoDyM6A1I",1.3113901202774098e+18
17,2020-09-30 19:36:53,I_am_SarahTonin,":@JeffBezos,A second #lockdown is approaching all of the UK - &amp; your staff are putting themselves on the line to make sure everyone gets their parcels. 
Please reinstate #hazardpay for all UK FC workers. 
#COVID19 #Amazon",1.3113895737721242e+18
18,2020-09-30 19:40:09,njfarmerwife,My cd of 5 finger death punch was delivered to a house 10 mins away from me lady bought it over apologizing for opening it &amp; asked if I happened to receive her pkg? I looked around &amp; told her if it should show up here I’ll make sure to get it to her #Amazon,1.311390396652585e+18
19,2020-09-30 19:41:48,chollosyoferta,"#Chollo #Amazon 23% DESCUENTO El Aguila Cerveza Especial Sin Filtrar Pack 24 latas x 330 ml   7920 ml

Precio original: 18,8
Precio oferta: 14,4

    👇👇👇👇👇👇👇
👉 https://t.co/1pzx9N9hBC https://t.co/3hLGeunXVC",1.3113908117880627e+18
20,2020-09-30 19:35:37,kana_ogawa,"【青春映画】ベスト10
ひるなかの流星
https://t.co/GVMzsKfPF0 #Amazon",1.311389255634092e+18
21,2020-09-30 19:35:40,CocoaSuzuki3,"#Amazon のスマートさ！が加速し
既存企業が駆逐される！

スタートアップ初期段階に
成長を図る先行投資を優先し
ライバル企業を突き放した結果！

手のひらをかざすだけ--アマゾン、独自の生体認証システム「Amazon One」発表 https://t.co/XxsXqwDzxD @cnet_japanより",1.3113892659059425e+18
22,2020-09-30 19:41:29,hispachollos,"🌀 New Balance 500 Core, Zapatillas para Hombre, Negro Black Silver Black Silver, 45 EU. #Amazon 🇪🇸

💶 Precio oferta: 34,95€ 💥 (PVP normal: 75€)

💳 Enlace: https://t.co/a8DpK73ArZ

✨ 30 días gratis de Amazon Music Unlimited : https:// ...
https://t.co/WNlHWaujv1
#chollo",1.311390733014831e+18
23,2020-09-30 19:41:48,MaxiChollo,"‍SUPER PRECIO ❗️🔸 #Amazon | #Zapatos
📣New Balance Fresh Foam Evare, Zapatillas para Correr de Carretera para Hombre

 ✅PRECIO OFERTA: 36,48€ 

📏 Talla 42.5 EU

   ⤵️ Link de compra
   🌐 https://t.co/lQJTk3vw7b

Visto en https://t.co/HGTfnxg2wd https://t.co/ndsX6xcjNN",1.3113908120984863e+18
24,2020-09-30 19:41:48,pizurque,I'm in the running to win $25 PayPal cash or a $25 Amazon giftcard! #giveaway #win #sweepstakes #amazon #paypal #giftcard #contest https://t.co/2N7H9zPHsB,1.3113908127108628e+18
25,2020-09-30 19:35:09,uomomosca,"Cartman, South Park.

Respect my AUTHORITAH!

#cartman #southpark #tribute #tvserie #amazon #badass https://t.co/vXpdFLcqIu",1.3113891362683535e+18
26,2020-09-30 19:37:17,MaxiChollo,"‍SUPER OFERTA ❗️🔸 #Amazon | #Belleza
📣Solimo MEN Crema antitranspirante para hombres (6 x 45 ml)

✨Descuento al tramitar el pedido

⛔️PVP: 13,14  €
✅PRECIO OFERTA: 7,88 €

   ⤵️Link de compra
   🌐 https://t.co/yT1PczpC18

Visto en https://t.co/HGTfnxg2wd https://t.co/3blOmKMWJg",1.3113896764613468e+18
27,2020-09-30 19:37:02,FChollos,"‍ Super Precio
Ruffles Jamon 160 g - Pack de 19
#Amazon | #Alimentación

Oferta: 13,60€
PVP: 27,36€
Ahorras: -13,76€ (50%)

Al_Tramitar_Pedido

Comprar: https://t.co/bIbKFOK6fE

Chat de dudas y peticiones
Guía FullChollera Oferta… https://t.co/SwObCdtauW https://t.co/XgY7OK2qqH",1.3113896129176207e+18
28,2020-09-30 19:41:16,francis_KOCR,"Last Chance! Would you like to win a $50 Amazon Gift Card or PayPal Deposit? Check out this easy entry Gleam giveaway for a chance to #WIN

Open Worldwide

@GooseGiveaways #wingiftcard #wincash #amazon #paypal #winmoney #sweepstakes #giveaways https://t.co/1ddudejsAy",1.3113906790258074e+18
29,2020-09-30 19:40:03,EcommerceNewsPT,"Sabias que a @amazon envia 6.500 pacotes por minuto? A Visual Capitalist descobriu o que significa 1 minuto na internet em 2020, e tu nem imaginas!😱
#ecommerce #ecommercenews #internet #amazon
https://t.co/SRlJFrzmw3",1.3113903715036488e+18
30,2020-09-30 19:41:40,anamargaridacr4,"#Amazon 
#Amazonia 
#environmentalEDResources https://t.co/6XLLFLpcPx",1.3113907772186665e+18
31,2020-09-30 19:41:03,SouveraineTech,"« L’empreinte de la paume capturée serait enregistrée de manière chiffrée dans une zone informatique hautement sécurisée du cloud. ».  #Amazon #biométrie

https://t.co/VuoNrRj1qg?",1.3113906237280092e+18
32,2020-09-30 19:35:09,catandolivro,"📚 Todas as suas (im)perfeições

📌 De: R$ 44,90
✨Por: R$ 24,99 (44% de desconto) +  FRETE GRATIS assinando Amazon Prime.  Assine aqui:  https://t.co/6qR5bdzvU5 

🏪 Loja: #Amazon
✅ Compre aqui: 
https://t.co/spSwvnhD7O

Aquele livro da CoHo que aquece o ❤️",1.3113891381475123e+18
33,2020-09-30 19:35:32,kana_ogawa,"【青春映画】ベスト10
好きっていいなよ。
https://t.co/xYrT0s4Afd #Amazon",1.3113892335845908e+18
34,2020-09-30 19:37:13,CholloLinkES,"‍SUPER OFERTA ❗️🔸 #Amazon | #Belleza
📣Solimo MEN Crema antitranspirante para hombres (6 x 45 ml)

✨Descuento al tramitar el pedido

⛔️PVP: 13,14  €
✅PRECIO OFERTA: 7,88 €

   ⤵️Link de compra
   🌐 https://t.co/4CKCa4lrPM

Visto en https://t.co/JpQzg3pNYP https://t.co/3Tkh4zrwv6",1.311389658346029e+18
35,2020-12-01 16:15:08,AnkerOfficial,"Anker Nano has been upgraded to 20W!
The new and improved Anker Nano can now charge your new iPhone up to 3× faster.",1.3338068503078339e+18
36,2020-09-30 19:41:42,ChollosDescubre,"‍SUPER PRECIO ❗️🔸 #Amazon | #Zapatos
📣New Balance Fresh Foam Evare, Zapatillas para Correr de Carretera para Hombre

 ✅PRECIO OFERTA: 36,48€ 

📏 Talla 42.5 EU

   ⤵️ Link de compra
   🌐 https://t.co/dZobRYhvYg

Visto en https://t.co/HW2VwUc9d2 https://t.co/pvhgxDASQ7",1.3113907868613632e+18
37,2020-09-30 19:35:42,kana_ogawa,"【青春映画】ベスト10
STORY5 仲間を傷つけるのは許さん!学園祭の約束
https://t.co/9xVBtf5bHg #Amazon",1.3113892775450624e+18
38,2020-09-30 19:40:10,rakten_kaden_,"10/01 04:40

【あす楽 土日も即納】パナソニック KX-PD21
【楽天】13480円
【Amazon】19200円

★楽天で購入すると★
 5720円 お得（お得率42％）

↓お得な情報を一覧で確認出来るサイト
https://t.co/kMQYxgL6Rh

#楽天市場 #Amazon #お得 #せどり https://t.co/GWL1haFE1d",1.311390400251216e+18
39,2020-09-30 19:35:26,creativemm12,"#AVIDLOVE の Avidlove レディース サテン着物ローブ ショート ブライズメイド バスローブ レース ランジェリー 寝間着 US サイズ: Large カラー: レッド
https://t.co/PjbeRMysLw 
#FollowNGain
#미국구매대행
#amazon
#Palantir
#Ross #Barkley
#TAHITI #Ari",1.3113892104613683e+18
40,2020-09-30 19:36:34,kimura_books,[急募]読書の好きな友達 #books #amazon,1.3113894962277212e+18
41,2020-09-30 19:35:11,kana_ogawa,"【青春映画】ベスト10
青の帰り道（レンタル版）
https://t.co/fucoGltNqi #Amazon",1.311389145793622e+18
42,2020-09-30 19:37:01,ChollosDescubre,"‍SUPER OFERTA ❗️🔸 #Amazon | #Belleza
📣Solimo MEN Crema antitranspirante para hombres (6 x 45 ml)

✨Descuento al tramitar el pedido

⛔️PVP: 13,14  €
✅PRECIO OFERTA: 7,88 €

   ⤵️Link de compra
   🌐 https://t.co/PFK8CH5HWS

Visto en https://t.co/HW2VwUc9d2 https://t.co/1Sn4nDQRgu",1.31138960594244e+18
43,2020-09-30 19:40:00,Tarrako1162,"🔥CHOLLO! #Amazon | #Belleza

📢Yves Saint Laurent Top Secrets Moisture Base - Base de maquillaje, 40 ml

   ❌ Antes: 54,00€
   🔥 PRECIO OFERTA: 35,40€🔥 -%
   🔰 Enlace: https://t.co/ydDrFPWBWi https://t.co/2dxQHGCvYU",1.3113903570584494e+18
44,2020-09-30 19:35:54,KeChollos,"Crucial Ballistix 3600 MHz, DDR4, DRAM, 16GB (8GB x2), CL16 
#Amazon #ofertas #chollo #chollos #Tecnología #DDR4 #DRAM #Crucial #Memoria #Ballistix

💵Precio: 76.22€ (25%)
🚚Envío: GRATIS
https://t.co/28FWAQ1FrE",1.3113893276001116e+18
45,2020-09-30 19:36:03,AlphaRepricer,"#Amazon sellers prepare for holiday shopping. Use Fast #Repricing with Alpha Repricer, win Buy Box! 50% off 2 months

https://t.co/L9k2Dx1xyy

#Amazonfba #Amazonsellers #AlphaRepricer #fbaseller #amazonfbaseller #sellingonamazon #Newyork #Brooklyn #Los Angeles #sandiego #socal https://t.co/epQbNMA7iy",1.3113893627022418e+18
46,2020-09-30 19:38:04,Eidsmore,"@AngryJoeShow expect to do this game review stuff a few years from now as a fun, casual hobby Joe; capitalism demands you to find &amp; give products/services 2 those with demands/opportunities. #YouTube #Amazon etc. R oversaturated Look 4 financial opportunities elsewhere my friend.",1.3113898731992883e+18
47,2020-09-30 19:40:04,NorteTecBr,#amazon #tecnologia  https://t.co/lyfuaziIjW,1.311390373508518e+18
48,2020-09-30 19:36:47,bot_bot365,"amazonで予約開始　amazon限定品
名作デモンズソウル

https://t.co/6KwNltoCnV

＃PS5
＃デモンズソウル
＃DemonsSouls
＃名作
＃amazon",1.3113895470123213e+18
49,2020-09-30 19:35:48,kana_ogawa,"【青春映画】ベスト10
ＲＩＳＥ　ＵＰ
https://t.co/fVRH5Acop7 #Amazon",1.3113892994771476e+18
,date,screen_name,tweet,tweet_id
0,2020-09-30 19:33:06,Winnipeg_IMP,#Amazon introduces new privacy features for #Alexa https://t.co/8febE26cdx,1.3113886209521377e+18
1,2020-09-30 19:34:13,paulanthonyspen,"#amazon #books #Cumbria 
#ReadersFavorite  #police #truecrime #crimefiction #anthology
#biography 
https://t.co/Zg3sePNudH https://t.co/s8xEIkiI08",1.3113889035559608e+18
2,2020-09-30 19:33:04,Edmonton_IM,#Amazon introduces new privacy features for #Alexa https://t.co/MkvUKovB1J,1.3113886147152323e+18
3,2020-09-30 19:33:05,Ottawa_IMP,#Amazon introduces new privacy features for #Alexa https://t.co/RsBQ4HtbQb,1.3113886157512049e+18
4,2020-09-30 19:31:06,reinadellowcost,"🌟 [𝗟𝗮 𝗿𝗲𝗶𝗻𝗮 𝗱𝗲𝗹 𝗟𝗼𝘄𝗰𝗼𝘀𝘁] 🌟

🔊 Anillo de luz led #amazon

🌍 Enlace: https://t.co/PMMKO2dZ9I

Te esperamos en telegram: https://t.co/Jxndx9pJCJ",1.3113881195691827e+18
5,2020-09-30 19:30:32,yuki_nagase,"【特撮映画】ベスト10
モスラ対ゴジラ
https://t.co/PNg8BKo4BF #Amazon",1.3113879749956035e+18
6,2020-09-30 19:30:27,CoolDealCA,"2 #Amazon  Echo Dots for $40!!

*Retail for one is $50

Use Code: DOTPRIME2PK
 #Deal #ganga

 https://t.co/U6Vc5eUa8Q https://t.co/fw019SCIyG",1.3113879545987727e+18
7,2020-09-30 19:31:52,hispachollos,"Deik Juegos Cuchillos Cocina, Set Cuchillos de 6 Piezas, Incluye un Bloque de Madera y 5 Piezas de Cuchillos de Cocina Acero Inoxidable Alemán  #Amazon 🇪🇸

⚡ Precio con Cupón: 26,99€

🎯 Código cupón: ADZ4PGV5

❌ Precio anterior: 46,9 ...
https://t.co/tEdHGHoShb
#chollo",1.3113883109972828e+18
8,2020-09-30 19:34:08,SolTaylorRdL,"🍹 ¡Un mojito, por favor! 🍹

Enlace 💗🇨🇺❤️ https://t.co/dKbFSOZnIM

#kindle #KindleUnlimited #romance #romantica #comedia #humor #amor #comediaromantica #leer #ebook #amazon https://t.co/MHWQTxGr3A",1.3113888835868221e+18
9,2020-09-30 19:30:37,yuki_nagase,"【特撮映画】ベスト10
平成ライダー対昭和ライダー　仮面ライダー大戦ｆｅａｔ．スーパー戦隊
https://t.co/kbVTI5N2BJ #Amazon",1.3113879969781228e+18
10,2020-09-30 19:32:52,emyled1919,"TITI Y YO
https://t.co/mmRIjTR3G4

#amazonkindle 
#amazonlibros 
#amazon 
#drama #romance #venganza https://t.co/nWJjKt6kGR",1.3113885649665106e+18
11,2020-09-30 19:30:30,WS_Klass,#follow #BN #read #darkathyx #series #fantasy #adventure #epic #amazon #wsklass #klassproductions #author #nickzane #audiobook @audible https://t.co/IjOsxsfUU4,1.3113879689182454e+18
12,2020-09-30 19:33:05,Regina_IMP,#Amazon introduces new privacy features for #Alexa https://t.co/YgDdukBI0E,1.3113886167661732e+18
13,2020-09-30 19:34:10,ajhess05,WOW! It’s an #AMAZON #GIFTCARD #GIVEAWAY #AMREADING #FREEBOOKS https://t.co/1hiN3f9s26 #giveaway,1.3113888917615698e+18
14,2020-09-30 19:35:00,kana_ogawa,"【青春映画】ベスト10
陽だまりの彼女
https://t.co/w6h5lpHmXm #Amazon",1.3113891015478764e+18
15,2020-09-30 19:32:27,kynkya,"𝐋𝐁𝐄𝐑𝐓𝐈𝐍𝐄 𝟑 
📚𝓛𝓤𝓘𝓢 
👉Una relación rota. 
👉Un cambio de vida. 
👉Y un pasado que siempre vuelve. 
👉DISPONIBLE: Link: https://t.co/TluGJqs7mD
#Amazon #kindleunlimited #kindlebooks #amazonkindle #romance #erótica https://t.co/2KojFsthM0",1.3113884560949658e+18
16,2020-09-30 19:32:38,carlinchi82,"ENVÍO DESDE ESPAÑA❗️🔸#Amazon
📣 Bandas Elásticas, 11 PCS

⛔️ PVP: 19,99€
✅ PRECIO OFERTA: 13,99€
✂️ CUPÓN: DKKVF2U7

⤵️ Link de compra
🌐 https://t.co/wph6k1Ligy https://t.co/Qq9QlA7BrU",1.3113885032766915e+18
17,2020-09-30 19:30:42,yuki_nagase,"【特撮映画】ベスト10
ゼイラム
https://t.co/tP2O3hX3Ri #Amazon",1.3113880191155282e+18
18,2020-09-30 19:33:04,Calgary_IMP,#Amazon introduces new privacy features for #Alexa https://t.co/AQLklQp7kL,1.311388612429316e+18
19,2020-09-30 19:33:04,Halifax_IMP,#Amazon introduces new privacy features for #Alexa https://t.co/poU0Md5Odl,1.3113886113932247e+18
20,2020-09-30 19:33:06,Vancouver_IMP,#Amazon introduces new privacy features for #Alexa https://t.co/PkTSsGhA7m,1.3113886199539016e+18
21,2020-09-30 19:33:05,Saskatoon_IMP,#Amazon introduces new privacy features for #Alexa https://t.co/dWqVJx6cTf,1.3113886177518305e+18
22,2020-09-30 19:30:42,CoolDealCA,"💲💰
Sinocare Blood Pressure Monito...
Reduced from $33 to $16
Coupon code: FEU8MYGK

# #Deals #new #Deals #savings #Amazon  #Deal #ganga

 https://t.co/iyjYjoAvCt https://t.co/5R1YFAqpRe",1.3113880197908808e+18
23,2020-09-30 19:30:37,TheInStockRoom,"***New Deal***
Sinocare Blood Pressure Monito...
Reduced from $33 to $16
Coupon code: FEU8MYGK
https://t.co/l79f2IUAMB
#Deals #newDeals #savings #Amazon https://t.co/v4j4OQWcJ3",1.3113879949522657e+18
24,2020-09-30 19:30:28,CoolDealCA,"LifeStyles SKYN Original Condoms, 24 Count only $11.17!!!

#freebies #deals #deal #moneysaver #greatdeal #steals #discount #sale #bargain #bargainhunter #bargainshopper #cheap #bestprice #Amazon  #Deals #giveaway #Deal #ganga

 https://t.co/Ewk6Fw6HWP https://t.co/NYRmRlUoFe",1.3113879571489505e+18
25,2020-09-30 19:32:37,paulanthonyspen,"#amazon #books #Cumbria 
#readers #police #truecrime #crimefiction #anthology
#biography 
https://t.co/Zg3sePNudH https://t.co/WiXHwRpbeh",1.3113884993717944e+18
26,2020-09-30 19:33:04,Integrated_M,#Amazon introduces new privacy features for #Alexa https://t.co/3MwstXWAq5,1.311388613679231e+18
27,2020-09-30 19:31:06,OnlyGearBest,"🌟 [𝗢𝗻𝗹𝘆 𝗚𝗲𝗮𝗿𝗯𝗲𝘀𝘁] 🌟

🔊 Anillo de luz led #amazon

🌍 Enlace: https://t.co/cQ51ZPYjl5

Te esperamos en telegram: https://t.co/mPaN5u2fFj",1.3113881179166228e+18
28,2020-09-30 19:30:38,GuideCalculator,This week's Maths &amp; Science #Kindle Book Releases on #Amazon📚 ➜ https://t.co/5yD79oVvsD #ebook #amazonuk https://t.co/nDW5bdc4hY,1.3113880024474296e+18
29,2020-09-30 19:32:35,LeftstylesMerch,"Vote for the president who will value
Truth &amp;
Science &amp;
Dignity &amp;
Respect.

#VoteBlueToEndThisNightmare 
#Biden2020 #BidenHarris2020 
#Amazon #Ad #VoteBlueToSaveAmerica 

https://t.co/y5pudvlB8r",1.311388492266705e+18
30,2020-09-30 19:31:47,Charlie_Cawood,"Maggie Rogers - On + Off #bigtimeradio https://t.co/N76xPoatRr @Charlie_Cawood @BigTimeRadio1 @bigtime_news
 on #Amazon Echo &amp; App https://t.co/c7cZfm4MQo  #Top40 #Music 247 #Worldwide 3 #Radio #Stations 43 #Countries #Interviews #Billboard https://t.co/JiPHr6jZyC  #SUBMI",1.311388288524202e+18
31,2020-09-30 19:32:37,cholloaliexpres,"ENVÍO DESDE ESPAÑA❗️🔸#Amazon
📣 Bandas Elásticas, 11 PCS

⛔️ PVP: 19,99€
✅ PRECIO OFERTA: 13,99€
✂️ CUPÓN: DKKVF2U7

⤵️ Link de compra
🌐 https://t.co/qzaWVvYzAb https://t.co/ZN9sv454BB",1.3113885004959252e+18
32,2020-09-30 19:33:03,Kelowna_IMP,#Amazon introduces new privacy features for #Alexa https://t.co/OrEviv78QM,1.3113886103950213e+18
33,2020-09-30 19:30:41,paulanthonyspen,"#amazon #books #Cumbria 
#readers #police #truecrime #crimefiction #anthology
#biography 
https://t.co/Zg3sePNudH https://t.co/rBd6jYeKMh",1.3113880149171528e+18
34,2020-09-30 19:33:05,Toronto_IMP,#Amazon introduces new privacy features for #Alexa https://t.co/NrdXGhbtYq,1.3113886189095363e+18
35,2020-09-30 19:31:11,CoolDealCA,"💲💰
amscan 849162 Dr. Seuss Cat in...
Reduced from $11.10 to $4.69

# #Deals #new #Deals #Amazon  #Deal #ganga

 https://t.co/8R8YIM81Ag https://t.co/uyniOVVQbx",1.3113881414215516e+18
36,2020-09-30 19:33:06,paulanthonyspen,"#amazon #books #Cumbria 
#readers #police #truecrime #crimefiction #anthology
#biography 
https://t.co/Zg3sePNudH https://t.co/vbwYqDSiNH",1.311388621270909e+18
37,2020-09-30 19:34:42,chollosyoferta,"#Chollo #Amazon Acer   Ordenador Acer One S1003 17WM. Ordenador tableta de 10,1 pulgadas, x5 Z8350, RAM de 4 GB, eMMC 64 MB, color negro. [Teclado italiano].

    👇👇👇👇👇👇👇
👉 https://t.co/pQTnFiF178 https://t.co/92QKYtaKzt",1.3113890230055608e+18
38,2020-09-30 19:32:46,JDParsonsAuthor,"#ThingsWorseThan2020? A world without uplifting books, or one without enough enjoyment of them to speak of in a #review. Don't let that happen to you.🐢🐟🦀🎐🦈🐘🦏🦁🐆🐁🌺🐱🐸🐶❤️🦎🦋🐵🦍🦉🌈📘📒📗📘📲🌎
https://t.co/gbHaLURNW3
#childrensbooks #parents #children #amazon #kindle https://t.co/wq3uxdMTUt",1.3113885365375836e+18
39,2020-09-30 19:33:20,readinglistbook,Read Me Before You  | Best All Ebook #Kindle #Free #Amazon #Books #Romance #Reading #Book #KindleUnlimited https://t.co/Aih9RNtDO6,1.3113886820672184e+18
40,2020-09-30 19:31:05,TheInStockRoom,"***New Deal***
amscan 849162 Dr. Seuss Cat in...
Reduced from $11.10 to $4.69
https://t.co/pyKe19hgHE
#Deals #newDeals #Amazon https://t.co/9BdgpYwPjn",1.3113881160292475e+18
41,2020-09-30 19:32:06,PR_MARI_74,Check out 5 pk 3D Silicone Face Mask Bracket-Washable- Makeup Protector-Breathe easier  #amazon #amazonfba #covidproucts #2020 #Hygiene  #ByMAR https://t.co/ZISRxYdzuT via @eBay,1.3113883719445258e+18
42,2020-09-30 19:32:34,CloudGamingES,Google hace su evento y #amazon dice esto um ¿que opináis de #amazonluna  ? https://t.co/CWilYt6mW3,1.3113884891713004e+18
43,2020-09-30 19:31:07,MenudoPaquete,"🌟 [𝗠𝗲𝗻𝘂𝗱𝗼 𝗣𝗮𝗾𝘂𝗲𝘁𝗲] 🌟

🔊 Anillo de luz led #amazon

🌍 Enlace: https://t.co/oqGgvPFqHs

Te esperamos en telegram: https://t.co/IbEojfZpa4",1.3113881212553585e+18
44,2020-09-30 19:30:48,yuki_nagase,"【特撮映画】ベスト10
デトロイト・メタル・シティ
https://t.co/ucGm9E63QU #Amazon",1.3113880417102438e+18
45,2020-09-30 19:30:27,ladyarcher1,"Enjoy a captivating and powerful romance. Grab your copy today. Available on paperback/Ebook  FREE on KU.
Freedom  https://t.co/lbU1fRNTqh 
#romance #contemporary #bookbub #goodreads #amazon #kindle #Amazonbooks #womensfiction #KBWorlds https://t.co/gOgzI35Uyt",1.3113879535460925e+18
46,2020-09-30 19:34:54,rainingcali,"#Win an #Amazon Gift Card in our #Wattpad, #Radish and #ShortStory #Sweepstakes #Giveaway via @sffbookbonanza: https://t.co/zN0oAInb38",1.3113890752202547e+18
47,2020-09-30 19:31:43,MoGalore,"#AMAZON &gt;&gt; Best Books of the Month: Science Fiction &amp; Fantasy
Find Your Next Great Read
https://t.co/VJ38Qj27w7",1.3113882736427377e+18
48,2020-09-30 19:32:36,zocoregalos,"ENVÍO DESDE ESPAÑA❗️🔸#Amazon
📣 Bandas Elásticas, 11 PCS

⛔️ PVP: 19,99€
✅ PRECIO OFERTA: 13,99€
✂️ CUPÓN: DKKVF2U7

⤵️ Link de compra
🌐 https://t.co/iCx28ggkvl https://t.co/SwZ9zNgR1i",1.3113884978241577e+18
49,2020-09-30 19:30:32,Libreria_Mundo,"Entra en una historia llena de magia y acción. No importa que hagas, tu destino siempre será el mismo. ▶️https://t.co/quBJXfff3K ⬇️📚#Amazon https://t.co/3RVViNn2E0",1.311387973775233e+18
,date,screen_name,tweet,tweet_id
0,2020-09-30 19:30:12,INDIEBOOKSOURCE,"BOOKS BY
https://t.co/75Ww6Mcs8P
Author Philip Dodd
#Books #IARTG #Kindle #Amazon #ReadIndie #indieauthors #ian1 #bookboost #mybookagents https://t.co/oBM7Y8LSsO",1.3113878936849981e+18
1,2020-09-30 19:30:11,yuki_nagase,"【特撮映画】ベスト10
デビルマン
https://t.co/e2gFC8V8h2 #Amazon",1.3113878871584563e+18
2,2020-09-30 19:25:09,rakten_kaden_,"10/01 04:25

CAT-GS13B/G オーブントースター アラジ
【楽天】10966円
【Amazon】11500円

★楽天で購入すると★
 534円 お得（お得率5％）

↓お得な情報を一覧で確認出来るサイト
https://t.co/kMQYxgL6Rh

#楽天市場 #Amazon #お得 #せどり https://t.co/TgQa1q4OUX",1.3113866202983137e+18
3,2020-09-30 19:25:27,extraordinarydk,My Favorite Everyday Products I'm Loving Right Now-September 2020 #youtuber #favoritethings #amazon https://t.co/AINEwPWXA7 via @YouTube,1.311386695691047e+18
4,2020-09-30 19:25:09,CoolDealCA,"Wingback Leather Recliner Chair for $109.99!! (Retail: $249.99)

#freebies #deals #deal #moneysaver #greatdeal #steals #discount #sale #bargain #bargainhunter #bargainshopper #cheap #bestprice #Amazon  #Deals #giveaway #Deal #ganga

 https://t.co/VxJsBdrxnS https://t.co/8vDbG95GsU",1.3113866218126295e+18
5,2020-09-30 19:30:00,ecaarrones,"LOS ÁRBOLES QUE OLVIDARON SUS NOMBRES 
Octava entrega de la saga del agente del FBI #EthanBush 
UN CASO ESCALOFRIANTE EN SAN FRANCISCO.
OFERTA #Kindle AQUÍ ► https://t.co/MjVgKXp7Zt
@enriquelaso @merylaso
#kindleunlimited #amazon #thriller #suspense #Bestseller  #horror #terror https://t.co/ky85QbkLGn",1.311387841985876e+18
6,2020-09-30 19:30:06,yuki_nagase,"【特撮映画】ベスト10
モーレツ怪獣大決戦
https://t.co/aGLJ8wvFbC #Amazon",1.3113878650797097e+18
7,2020-09-30 19:30:13,paulanthonyspen,"#amazon #books #Cumbria 
#readers #police #truecrime #crimefiction #anthology
#biography 
https://t.co/Zg3sePNudH https://t.co/KYJI7KYfsJ",1.3113878964490609e+18
8,2020-09-30 19:25:29,XperienceDope,"Blasting A Tribe Called Quest - Jazz (We've Got) right now on Pretty Dope Xperience Radio aka #BlackPandora

listen now and catch a wave!! https://t.co/VqKFopeoex  #nowplaying #np #RT  #NowStreaming #Streema Download Now #Alexa #GooglePlay #iOSAppStore #Amazon #",1.3113867031191634e+18
9,2020-09-30 19:30:09,rakten_kaden_,"10/01 04:30

パナソニック【Panasonic】ヘアードライヤー
【楽天】26180円
【Amazon】26290円

★楽天で購入すると★
 110円 お得（お得率0％）

↓お得な情報を一覧で確認出来るサイト
https://t.co/kMQYxgL6Rh

#楽天市場 #Amazon #お得 #せどり https://t.co/BMobDQ6y7V",1.3113878802589e+18
10,2020-09-30 19:29:28,Shaker_xviii,"@naughtyg_sa Hello 😁❤️🌍
Sorry to disturb your Scrolling☺️ 
Kindly take a portion of your time And check out my second edition of #ShakerFreestyleSaturdays 
https://t.co/POVhDfRHyZ
 Please React , Retweet &amp; $hare to the world.🙏🏼 #PostOffice #Amazon
#JHBTraffic
[Follow @Shaker_xviii for More]",1.3113877061199176e+18
11,2020-09-30 19:30:02,YabRock,The Michael Schenker Group（神） / The #MichaelSchenker Group https://t.co/OMdS5ompaj #HardRock #HeavyMetal #アマゾン #Amazon #AmazonJP,1.3113878517459804e+18
12,2020-09-30 19:29:35,XperienceDope,"Blasting Mariah Carey - Honey right now on Pretty Dope Xperience Radio aka #BlackPandora

listen now and catch a wave!! https://t.co/VqKFopeoex  #nowplaying #np #RT  #NowStreaming #Streema Download Now #Alexa #GooglePlay #iOSAppStore #Amazon #",1.3113877359497994e+18
13,2020-09-30 19:25:10,CoolDealCA,"Start that Fall bulk early 🏋️‍♀️

6 POUNDS of Optimum Nutrition Serious Mass Weight Gainer only $29!!

#freebies #deals #deal #moneysaver #greatdeal #steals #discount #sale #bargain #bargainhunter #cheap #bestprice #Amazon  #Deals #giveaway #Deal #ganga

 https://t.co/fYcTyqDuZs https://t.co/wvmCYa4mfI",1.311386624853332e+18
14,2020-09-30 19:27:11,ChollosDescubre,"‍SUPER OFERTA ❗️🔸 #Amazon | #Belleza
📣Solimo Desodorante roll-on, perfume fresco de salvia, unisex (6 x 50 ml)

✨Descuento al tramitar el pedido

⛔️ PVP: 8,68  €
 ✅PRECIO OFERTA: 5,21 € 

   ⤵️ Link de compra
   🌐 https://t.co/Q2hfASAoZ4

Visto en https://t.co/HW2VwUc9d2 https://t.co/D1LzKkGfY4",1.3113871345621115e+18
15,2020-09-30 19:24:09,giocarmon,"*   La versione ebook del libro #Briciole di #terra costa solo 2,99 € - Lo trovi su #Amazon - Il libro che si muove tra poesia, prosa, canzone, fotografia e arte frattale
https://t.co/KH1RtDRjrc https://t.co/01CbgPCWW0",1.3113863707709522e+18
16,2020-09-30 19:30:00,yuki_nagase,"【特撮映画】ベスト10
海底軍艦
https://t.co/eyAQ39cRsn #Amazon",1.3113878431853978e+18
17,2020-09-30 19:30:16,ACE_BMCC,"Classes will be starting in October! Register here - https://t.co/HtW0fv5BQR
#amazon #aws #cloudcomputing #serverless #ec2 #dynamodb #s3 #informationtechnology #aurora #cloudwatch #cloudfront #cloudformation #cloudtrail #starthereworkanywhere https://t.co/zoyhR1B1tG",1.3113879091745792e+18
18,2020-09-30 19:30:21,yuki_nagase,"【特撮映画】ベスト10
手裏剣戦隊ニンニンジャーＶＳトッキュウジャー　ＴＨＥ　ＭＯＶＩＥ　忍者・イン・ワンダーランド
https://t.co/GvJl8mcWW7 #Amazon",1.3113879310308762e+18
19,2020-09-30 19:23:18,hispachollos,"🌀 Only Onlroyal Reg SK Dnm Jeans Bj312 Noos Vaqueros Skinny, Gris (Dark Grey Denim Dark Grey Denim), W30/L32 para Mujer. #Amazon 🇪🇸

💶 Precio oferta: 12,35€ 💥 (PVP normal: 29,99€)

💳 Enlace: https://t.co/DgXcWEcNCi

✨ 30 días gratis  ...
https://t.co/Hngm2n5YP5
#chollo",1.3113861567314289e+18
20,2020-09-30 19:30:15,amazon_rankinQ,"【イヤホン】
Bluetooth イヤホン 【令和2年進化型 】 完全 ワイヤレス イヤホン 耳かけ式 スポーツ イヤーフック付き H...
￥4,680
https://t.co/1E9tqONPft
#amazon",1.311387902916485e+18
21,2020-09-30 19:30:27,yuki_nagase,"【特撮映画】ベスト10
ガス人間第１号
https://t.co/zOUHaXBJbU #Amazon",1.3113879531222712e+18
22,2020-09-30 19:25:27,LoriCroonen,Join me in asking @FP_Champagne not to reward the destruction of the #Amazon! 🔥🔥 Immediately halt the Canada-Mercosur free trade deal &gt;&gt; #ActForAmazon #ClimateAction @GreenpeaceCA https://t.co/1lHwznHIWv,1.3113866975993815e+18
23,2020-09-30 19:30:14,consejosparaVD,"MENTE POSITIVA, RESULTADOS CUMPLIDOS ¡TU GUÍA!==)) https://t.co/doyqRIW7ZG #Superacion #Amazon #lee https://t.co/0ZWEl6C2kD",1.3113879006307738e+18
24,2020-09-30 19:27:05,tayylo__,Check out my list on Amazon https://t.co/jWDn2rSrD4 #Amazon ⁦@halsey⁩,1.31138710918656e+18
25,2020-09-30 19:23:36,chaney39mel,"Avec One, #Amazon propose de payer avec la paume de la main #fintech ⁦@LaTribune⁩  https://t.co/Wo9406CwUW",1.3113862306140897e+18
26,2020-09-30 19:27:24,CholloLinkES,"‍SUPER OFERTA ❗️🔸 #Amazon | #Belleza
📣Solimo Desodorante roll-on, perfume fresco de salvia, unisex (6 x 50 ml)

✨Descuento al tramitar el pedido

⛔️ PVP: 8,68  €
 ✅PRECIO OFERTA: 5,21 € 

   ⤵️ Link de compra
   🌐 https://t.co/NxClfe0qKP

Visto en https://t.co/JpQzg3pNYP https://t.co/NPkjJjl5JT",1.3113871870915666e+18
27,2020-09-30 19:24:43,egiftcardtoday,#FelizMiercoles #Caracas #GiftCard #Amazon https://t.co/7HY4TLpl6N,1.3113865102945034e+18
28,2020-09-30 19:29:21,paulanthonyspen,"#amazon #books #Cumbria 
#readers #police #truecrime #crimefiction #anthology
#biography 
https://t.co/Zg3sePNudH https://t.co/XXnr83KG5x https://t.co/CUq71ew0vW",1.3113876765375078e+18
29,2020-09-30 19:29:52,asim_akash,"#Restaurantmenu #Restaurants #restaurantmanagement #foods #foodmenu #catalog #orderonline #design #Desinger #professional #unique #amazing #amazon
https://t.co/Epy5RAhpxy https://t.co/SmyOAzgiBZ",1.3113878088550154e+18
30,2020-09-30 19:24:07,_mis_ter_e_,"Make #Superman LEGO portraits !

#HenryCavill #christopherreeve #batman #benaffleck #dcfandome #JusticeLeague #JusticeLeagueSnyderCut #JusticeLeagueTheSnyderCut #amazon #kindle #kindlebooks #kindleunlimited #dccomics
https://t.co/x9oMoi2N7y",1.311386361275056e+18
31,2020-09-30 19:24:13,SolTaylorRdL,"¿DÓNDE DESCANSAN LAS ALMAS? 

El detective Worth ha sido ascendido y solicita la ayuda de Ethan Bush. El agente del FBI regresa a Kansas y enfrenta sus peores pesadillas...

#kindle &gt;&gt;&gt; https://t.co/eFgJEf7xl5

@merylaso 

#KindleUnlimited #thriller #NovelaNegra #suspense #amazon https://t.co/DRVmuJkylG",1.3113863842178458e+18
32,2020-09-30 19:30:23,musicalbumrevi,"Texas Trash Dip https://t.co/f8m991mDn6 October 01, 2020 at 01:00AM #Appetizers, Recipes #blogger #2k20 #blog #MusicAlbumReviews #amazon",1.3113879380103905e+18
33,2020-09-30 19:29:05,DamienVidal,"#Netflix, #Amazon #PrimeVideo, #OCS, Canal+, Apple TV+, Disney+ : à ne pas rater en octobre.
https://t.co/UKGmFCRtZK

via @GoogleNews",1.3113876095962972e+18
34,2020-09-30 19:29:36,kakicchysmusic6,https://t.co/MaMFRamliO: Nice Trouble: kakicchysmusic: MP3 Downloads https://t.co/nXg3fYbufI #Amazon #Prime,1.3113877419516355e+18
35,2020-09-30 19:30:17,buybooks_amazon,#BestBooks #Amazon #Leadership : LEVEL UP YOUR LIFE: HOW TO UNLOCK ADVENTURE AND HAPPINESS BY BECOMING THE HERO --&gt; https://t.co/MHYH9ZEpOl,1.3113879135238758e+18
36,2020-09-03 18:26:48,LenovoLegion,"Lenovo Legion x @PlayApex
Now is your chance to rise above the rest. 
Unmatched performance, purposeful engineering, modern design.
Gear up with a machine as savage as you are.
Stylish outside.
Savage inside.",1.301587465258578e+18
37,2020-09-30 19:29:02,SilviaBG135,"Este jueves #booktráiler de LA OSCURIDAD DE CIBERSIÓN mi primer #libro autopublicado en #amazon en mi canal de #youtube
👇👇👇
https://t.co/y3ffxDi8CA https://t.co/y9qF4RZMfi",1.3113875965184983e+18
38,2020-09-30 19:30:12,consejosparaVD,"Entra en una historia llena de magia y acción. No importa que hagas, tu destino siempre será el mismo. ▶️https://t.co/vWhQxOE3rT ⬇️📚#Amazon https://t.co/re9CLrEQNH",1.3113878903589315e+18
39,2020-09-30 19:26:03,Vicenblay,"👋🏻 Despedimos septiembre y 'La cama de ciprés' lo hace con tres nuevas reseñas en #Amazon

📚 Pueden parecer pocas pero, para mí, son regalos de lectores que han querido invertir su tiempo en valorar mi #novela.

Si alguien más quiere adentrarse en ella... https://t.co/MNTEN64kzx https://t.co/OeEBgRpLAb",1.3113868492697436e+18
40,2020-09-30 19:30:07,Libreria_Mundo,LUCÍA Y EL REPOSO DE LAS PALABRAS. Dos historias. Dos épocas. Un amor indestructible. Una revelación que lo cambiará todo. Descúbrela en #amazon Tú marcas la diferencia. #pepafraile #suspenseromantico #queleer #librosqueenamoran ➡️https://t.co/OGphO43TiA https://t.co/S7uRyOtbEn,1.31138787049463e+18
41,2020-09-30 19:30:16,yuki_nagase,"【特撮映画】ベスト10
スペース・スクワッド　ギャバンＶＳデカレンジャー
https://t.co/oG5nUCPslB #Amazon",1.311387909111464e+18
42,2020-09-30 19:30:23,TeriMcGill,💜💔💜 #LoveQuote #QuoteOfTheDay #MyHeartIsYours #AMAZON #ContemporaryRomance #NewAdultRomance #Trilogy 🆓 #Book1FREE 🆓 #DeafCharacters 🤟🏼#DeafHeroes 🤟🏼 #SignLanguage 🤟🏼 #DEAF 🤟🏼 @AmazonPub @lovequotetrends @LoveQuotesOne @GreatestQuotes @RomanceWriters https://t.co/bG7ksEV4DD https://t.co/kjENjmDM2x,1.3113879374230692e+18
43,2020-09-30 19:30:18,P_Tomasso,"Book 1 in the Vaccination Trilogy is #Free on #Amazon 

#Vaccination
#kindle #zombies #flu #virus #fiction #horror

https://t.co/35HuiZVkPZ",1.3113879160112742e+18
44,2020-09-30 19:27:25,NathanDGoodwin,"Audiobooks time! Bestselling 'HidingThePast' (Bk1) of my historical #mystery crime novel series is on audio! Go check it out at #audible #itunes or #amazon - everyone's first listen is #FREE, you know! US - https://t.co/TTzxN8X9yH https://t.co/Q4q9ZNf8YZ",1.3113871923595592e+18
45,2020-09-30 19:27:19,MaxiChollo,"‍SUPER OFERTA ❗️🔸 #Amazon | #Belleza
📣Solimo Desodorante roll-on, perfume fresco de salvia, unisex (6 x 50 ml)

✨Descuento al tramitar el pedido

⛔️ PVP: 8,68  €
 ✅PRECIO OFERTA: 5,21 € 

   ⤵️ Link de compra
   🌐 https://t.co/vo59urLDJa

Visto en https://t.co/HGTfnxg2wd https://t.co/Kl5Yaw1Z0V",1.3113871652266025e+18
46,2020-09-30 19:24:12,iSuvo_Live,"@homefirstindia PMAY -&gt; Pradhan Mantri Awas Yojana

EMI -&gt; Equated Monthly Installment

#contest #ContestAlert #win #play #answers #AmazonVoucher #Amazon #WINNER #Share #HomeFirst

Join in- 
@imgodslittlekid
@PampaDutta11
@UtkSrvstv
@Navyavegi
@MayurTogani
@neelkamal7976
@Hi_Sang_here",1.3113863835508326e+18
47,2020-09-30 19:29:32,nileshparmar_99,"@homefirstindia @homefirstindia
Here's The Ans.
1. PMAY: Pradhan Mantri Awas Yojana 

2. EMI: Equated Monthly Installment 

#contest #ContestAlert #play #answers #AmazonVoucher #Amazon #WINNER #Share #HomeFirst",1.3113877249521377e+18
48,2020-09-30 19:29:54,ericweisweka,Forscher sollen #Lieferroboter optimieren: #Amazon forciert #autonomeZustellung – #ICTCHANNEL ⁦@AmazonNewsDE⁩  https://t.co/TwSnljJ6vd,1.3113878144168428e+18
49,2020-09-30 19:30:14,PR_MARI_74,Check out No Touch Door Opener Tool-Easy Contactless Door Opener Keychain Tool -No-contact #amazon #amazonfba #covidproducts #2020  #ByMAR https://t.co/ArC5d5fArS via @eBay,1.3113879018637517e+18
,date,screen_name,tweet,tweet_id
0,2020-09-30 19:16:10,elsuperchollo,"Rebajado ⏬⏬ #Amazon 

D Avery C, Zapatillas para Mujer 

Descuentazooooo❗❗ 76% 

💵 Precio desde 23,76 EUR

🔰 Enlace: https://t.co/DilQjCX442 

🌐 https://t.co/maRLO7OnUA https://t.co/kED6p1MDWf",1.31138436221107e+18
1,2020-09-30 19:14:27,msayeedDream,"https://t.co/cO5uVB7UNG 

#author #published #books #determination #ekindle #amazon #expert #grateful #dream #hardwork #2%population #establishedwriter #bliss #mindset #library #alleviatepoverty #money #goodcause #help #motivation",1.3113839291827364e+18
2,2020-09-30 19:20:31,XperienceDope,"Blasting Rapsody ft. Leikei47 - Oprah right now on Pretty Dope Xperience Radio aka #BlackPandora

listen now and catch a wave!! https://t.co/VqKFopeoex  #nowplaying #np #RT  #NowStreaming #Streema Download Now #Alexa #GooglePlay #iOSAppStore #Amazon #",1.3113854567733903e+18
3,2020-09-30 19:15:28,AmeliaStark_18,"His Pet. The Original Nine book #Erotica #Series
is now available in 3 Compendiums on #Amazon
US Store https://t.co/vLkZ9qwQ3r
UK Store https://t.co/YHdzqyGYAr
Read the complete 9 book series in 3 Compendiums",1.3113841829632778e+18
4,2020-09-30 19:13:50,cheezit,"This fall season, fall for these feel-good movies with #CheezIt. Watch 8 hours of movies to earn #CheezIt credit to use on #Amazon. Get started here: https://t.co/DyPN89SMQa https://t.co/NknvDxXaDn",1.3113837711916728e+18
5,2020-09-30 19:15:23,AmeliaStark_18,"His Pet. The Original Nine book #Erotica #Series
is now available in 3 Compendiums on #Amazon
US Store https://t.co/vLkZ9qwQ3r
UK Store https://t.co/YHdzqyGYAr
Read the complete 9 book series in 3 Compendiums https://t.co/sUsNrSAHaY",1.3113841614506844e+18
6,2020-09-30 19:15:39,iamGIANTsMILK,"#XboxSeriesX ed #XboxSeriesS sono gli articoli più acquistati su #Amazon Brasile 👀 Mi fa davvero piacere vedere come #xbox stia prendendo piede nei mercati storicamente forti della concorrenza 👍🏻 @XboxItalia #PowerYourDreams 
.
#streamer #TwitchStreamers #youtuber #twitchitalia https://t.co/TzQfkNj4gZ",1.311384229742289e+18
7,2020-09-30 19:17:04,cf_hanz,"Success!!
#椿かなり ☆Presents*
https://t.co/ld3AfmDhy6
#DMM https://t.co/QcTYWIoEVd
#Amazon https://t.co/BrjeR4dAQf
#R18 #クラウドファンディング",1.3113845860776591e+18
8,2020-09-30 19:17:51,Gr8boy85,"Best sellers in home &amp; kitchen #Amazon #India 
https://t.co/qmF2ryu8ur",1.3113847850050806e+18
9,2020-09-30 19:17:00,Haidji,"Book Quote: ""Death is when you are so broken..."" Click on https://t.co/1uQIT7TD14 #life #quoteoftheday #quotes #kindleunlimited #amazon  #inspiration #haidji   #goodreads #books #read #reading #bookblogger https://t.co/erWK9znMXG",1.3113845690321183e+18
10,2020-09-30 19:15:55,XperienceDope,"Blasting The Roots - You Got Me right now on Pretty Dope Xperience Radio aka #BlackPandora

listen now and catch a wave!! https://t.co/VqKFopeoex  #nowplaying #np #RT  #NowStreaming #Streema Download Now #Alexa #GooglePlay #iOSAppStore #Amazon #",1.311384296096174e+18
11,2020-09-30 19:18:43,mercari_jp52,ヤフーオークションやアマゾンで買うより安く買えます！今メルカリで招待コードCWFVZMを入れて登録してメルカリ開いたらメルペイ押してキャンペーンにあるすすメルペイの広告押してCWFVZM入れて口座または本人確認完了したら500円＋1000円必ず貰えます、#ヤフオク　#Amazon,1.3113850013516145e+18
12,2020-09-30 19:14:16,YutoriOjisan,"時給80万円で2000年働いてもAmazonのCEOの資産に至らないって。
桁違い × 桁違い = 超桁違い
計算してみるとやべえな。
https://t.co/fSmps91vq5
#富豪 #時給 #Amazon",1.3113838840601928e+18
13,2020-09-30 19:15:17,CoolDealCA,"My Arcade Mini Pac-Man Video Game only $21 🔥

#freebies #deals #deal #moneysaver #greatdeal #steals #discount #sale #bargain #bargainhunter #bargainshopper #cheap #bestprice #Amazon  #Deals #giveaway #Deal #ganga

 https://t.co/mvrwvZnkU8 https://t.co/HW4C7x8wd7",1.3113841374382408e+18
14,2020-09-30 19:20:31,Crank_Moscow,"На #amazon тоже появился 
#Pixel5",1.311385452960723e+18
15,2020-09-30 19:17:01,OnlyGearBest,"🌟 [𝗢𝗻𝗹𝘆 𝗚𝗲𝗮𝗿𝗯𝗲𝘀𝘁] 🌟

🔊 Intex - Cama Hinchable #amazon

🌍 Enlace: https://t.co/vUsTYrhmJd

Te esperamos en telegram: https://t.co/mPaN5tKEgJ https://t.co/mz4cMukB2b",1.311384574979502e+18
16,2020-09-30 19:13:38,tariqnaik,"#Amazon #Alexa #smarthome #privacy #IoT 
https://t.co/1i1CWaXOrS",1.3113837237414502e+18
17,2020-09-30 19:16:34,SiobhanIsaac,"🎃Trick or Treat? All treats!🎃
#KU #Kindle #Amazon #Romance #News #October #HolidayReads #Readers #Books #Costumes #Surprises
#EroticRomance 
https://t.co/bRHfifPJqI",1.3113844621570212e+18
18,2020-09-30 19:14:36,Charlie_Cawood,"Rag'N'Bone Man - Human #bigtimeradio https://t.co/N76xPoatRr @Charlie_Cawood @BigTimeRadio1 @bigtime_news
 on #Amazon Echo &amp; App https://t.co/c7cZfm4MQo  #Top40 #Music 247 #Worldwide 3 #Radio #Stations 43 #Countries #Interviews #Billboard https://t.co/JiPHr6jZyC  #SUBMI",1.3113839643393188e+18
19,2020-09-30 19:18:05,UjaJennie,"Last Chance! Would you like to win a $50 Amazon Gift Card or PayPal Deposit? Check out this easy entry Gleam giveaway for a chance to #WIN

Open Worldwide

@GooseGiveaways #wingiftcard #wincash #amazon #paypal #winmoney #sweepstakes #giveaways https://t.co/Y2oI0fz6AE",1.3113848420981391e+18
20,2020-09-30 19:15:08,rakten_kaden_,"10/01 04:15

シービージャパン 小型洗濯機　（洗濯0．6kg）「
【楽天】7470円
【Amazon】9780円

★楽天で購入すると★
 2310円 お得（お得率31％）

↓お得な情報を一覧で確認出来るサイト
https://t.co/kMQYxgL6Rh

#楽天市場 #Amazon #お得 #せどり https://t.co/hzMqxBXclP",1.311384100515664e+18
21,2020-09-30 19:20:08,rakten_kaden_,"10/01 04:20

洗濯機 5.5kg 簡易乾燥機能付 全自動洗濯機 
【楽天】21800円
【Amazon】22018円

★楽天で購入すると★
 218円 お得（お得率1％）

↓お得な情報を一覧で確認出来るサイト
https://t.co/kMQYxgL6Rh

#楽天市場 #Amazon #お得 #せどり https://t.co/nV74vSnJP8",1.3113853606481388e+18
22,2020-09-30 19:19:34,LCy5HsI33j4opdL,"掘り出し物が見つかるかも？
2020年10月1日4時時点のアウトレット中のアウトドア用品は？

 こちらをチェック↓
 https://t.co/8Knug5NnYZ 

#Amazon #アマゾン #アウトレット #アウトドア #キャンプ",1.3113852179076096e+18
23,2020-09-30 19:15:08,InventingRealit,#bookmarket #Amazon #author https://t.co/7rtAPkTrmS,1.3113841013463327e+18
24,2020-09-30 19:15:38,AmeliaStark_18,"His Pet. The Original Nine book #Erotica #Series
is now available in 3 Compendiums on #Amazon
US Store https://t.co/vLkZ9qwQ3r
UK Store https://t.co/YHdzqyGYAr
Read the complete 9 book series in 3 Compendiums https://t.co/61pPMYAePi",1.31138422573679e+18
25,2020-09-30 19:21:31,yomenoroke,"Amazon で注文受付中です。
どうぶつの森amiiboカード 第4弾 (5パックセット)
https://t.co/DYHXEJPOxw
#アマサー #Amazon",1.3113857072151634e+18
26,2020-09-30 19:19:01,Info_forever01,ピップ エレキバン サポーター 腰用 Lサイズ ブラック 1枚入 https://t.co/buSghWtx2W ｲｲﾈ！ #amazon #beauty #beautiful #happy #life #cosme #bodycare #skincare #everyday #love,1.3113850785310024e+18
27,2020-09-30 19:14:02,LindaAbbott55,"""A wonderful debut novel...I love this story!""
⛱ TEN DAYS IN PARADISE ⛱
https://t.co/4dfOY0aBJq
#KindleUnlimited #Audiobook #Audible
#Family #Drama #LoveStory #WomensFiction
#VacationMode #BeachRead #BookClub
#Amazon #BookShelf #IndieBooks #Ebook 
#Kindle #KindleBooks 🌴🌞🌊 https://t.co/SIP469WhEq",1.311383823075156e+18
28,2020-09-30 19:16:26,Q6pkCjf6qw3LbYy,ネットビジネスを始めたい方どんどん質問して下さい！包み隠さずにお話ししますよ！#副業 #ネットビジネス #稼ぎたい方 #輸入販売 #輸出販売 #amazon,1.311384429080707e+18
29,2020-09-30 19:14:39,Tarrako1162,"🔥CHOLLO! #Amazon | #Ropa

📢#Desigual Vest_Tresor Vestido para Mujer. TALLA 44

Disponible en más tallas a precios TOP!!

   ❌ Antes: 99,95€
   🔥 PRECIO OFERTA: 24,14€🔥 -76%
   🔰 Enlace: https://t.co/xhu3lOtHKl https://t.co/8E8HxqnDAM",1.3113839775346524e+18
30,2020-09-30 19:17:03,MenudoPaquete,"🌟 [𝗠𝗲𝗻𝘂𝗱𝗼 𝗣𝗮𝗾𝘂𝗲𝘁𝗲] 🌟

🔊 Intex - Cama Hinchable #amazon

🌍 Enlace: https://t.co/1P2H5eDuwx

Te esperamos en telegram: https://t.co/IbEojfZpa4 https://t.co/Vs2GsdKflD",1.311384584186192e+18
31,2020-09-30 19:14:59,peterkeates,Inside Boxed’s Secret Weapon to Defeat Amazon #Amazon #Weapon https://t.co/VxUyX0T4tq,1.3113840625825464e+18
32,2020-09-30 19:15:08,CheapMac,"New 2020 10.2"" iPads now up to $35 off MSRP at #Amazon, starting at $299: https://t.co/VPWL36uM5f",1.3113841023654707e+18
33,2020-09-30 19:22:17,bhunter584,Enter to win a $10 #Amazon #giftcard and find out more about NO MORE SECRETS #WomensFiction #NewRelease https://t.co/R7mWRCKwSN,1.3113858980561142e+18
34,2020-09-30 19:21:41,Kathie47112199,Don’t Miss This #EASY to #ENTER #GIVEAWAY! #AMAZON #GIFTCARD #KINDLEUNLIMITED https://t.co/1BDCT4pRza,1.3113857487472312e+18
35,2020-09-30 19:15:37,BradPorcellato,Porcellato Engineering created the World’s most popular #DIY #Forklift #Operator #Training Kit. Over 6000 Sold since 2001! Available in the #USA and #Canada via #Amazon https://t.co/NFx4FMIRtw https://t.co/rdD7FnXVIc,1.3113842235933983e+18
36,2020-09-30 19:20:12,MinteractApp,"#Options Flow Grid Update $AMZN #OptionsTrading #Amazon Shares 🔻0.02% to $3,143.4 #OptionsFlow #optiontrading #amazonfresh #AmazonPrime #stocks #stock #StockMarket #investing #Investment #invest #investor https://t.co/5JE2nlrW3B https://t.co/trJRScQJyN",1.3113853746109604e+18
37,2020-09-30 19:14:02,ChanPerco,"#Amazon lance Amazon One, un moyen de paiement qui repose sur la paume de la main.
Le géant du commerce en ligne rêve désormais d'ériger ce nouveau moyen de paiement en véritable mode d'identification alternatif via @zdnetfr https://t.co/tF4nxwmdSX https://t.co/XdFW6E83R8",1.311383823180071e+18
38,2020-09-30 19:15:47,13wCm,"#スーパーマリオ3Dコレクション
#amazon
#お買い物メモ
任天堂 の スーパーマリオ 3Dコレクション -Switch を Amazon でチェック！ https://t.co/7g4HOgH9oz via @amazon",1.3113842636740485e+18
39,2020-09-30 19:15:24,creativemm12,"👉https://t.co/mdBOeCAQvx #amazon👈
💯👉Auto Follower👈💯
💯👉#自動相互フォロー👈💯

#TeamFollowback
#NBC #news
#Henrik #Lundqvist
#Jessica #Simpson
#followtrick
#RT企画
#TFW
#FollowBack
#f4f
#TeamFollowback
#bts
#seventeen",1.3113841661397524e+18
40,2020-09-30 19:16:32,MariahNow,"Em parceria com a #Alexa da #Amazon, #MariahCarey fornecerá 'pensamentos do dia' em celebração do lançamento de sua biografia, #TheMeaningOfMariahCarey

Pergunte a Alexa até o dia 4 de outubro!

via @MariahTrends 

#MC30 #Lambily #TMOMC #Lamb4life https://t.co/hjNtegdCrQ",1.311384453365801e+18
41,2020-09-30 19:17:13,13wCm,"＃チャンパチとあそぼ
#amazon
#お買い物メモ
ALLONE の 「チャンパチとあそぼ」 くまさん ぬいぐるみ (Mサイズ) を Amazon でチェック！ https://t.co/QH6FOq4sor via @amazon",1.3113846233440543e+18
42,2020-09-30 19:15:46,WQRadio_EC,"#WQNoticias /La ""Regla del silencio incómodo"", la han puesto en práctica famosos emprendedores como Tim Cook, Director Ejecutivo de Apple, y Jeff Bezos, fundador de Amazon, para concentrar toda su atención en sus palabras.
#WQRadio #RegladelSilencioIncomodo #Amazon #Apple https://t.co/20tMTlQgkK",1.311384257697321e+18
43,2020-09-30 19:16:05,onlinemedialist,"Mit #AmazonOne möchte #Amazon das kontaktlose Bezahlen mittels Handfläche in seine #AmazonGo Geschäfte und den stationären #Handel bringen.

https://t.co/Ofq1CyJRbL https://t.co/EjTxbQormM",1.3113843399267328e+18
44,2020-09-30 19:13:24,Technikinfo_One,(Auto-News) -Deal- So sicherst du dir einen 10 Euro-Gutschein für den #Amazon #PrimeDay https://t.co/iCWrFOLEI9,1.3113836655371756e+18
45,2020-09-30 19:17:02,reinadellowcost,"🌟 [𝗟𝗮 𝗿𝗲𝗶𝗻𝗮 𝗱𝗲𝗹 𝗟𝗼𝘄𝗰𝗼𝘀𝘁] 🌟

🔊 Intex - Cama Hinchable #amazon

🌍 Enlace: https://t.co/Roz4FFijTY

Te esperamos en telegram: https://t.co/Jxndx9pJCJ https://t.co/uXVkrxXMS2",1.3113845799289856e+18
46,2020-09-30 19:14:42,hispachollos,"🌀 Festina Reloj Análogo clásico para Hombre de Cuarzo con Correa en Cuero F20249/1. #Amazon 🇪🇸

🔘 A mitad de precio!!!

💶 Precio oferta: 73,9€ 💥 (PVP normal: 149€)

💳 Enlace: https://t.co/qlTHdbm6XZ

✨ 30 días gratis de Amazon Music  ...
https://t.co/AS8FHGH0yc
#chollo",1.3113839900588564e+18
47,2020-09-30 19:22:53,egiftcardtoday,"¡Gift Card Código Digital!
¡Membresía!
¡Juegos!
#BestBuy
#Amazon
#PlayStation
#Xbox
#Nintendo
#Netflix
#iTunes
#AppStore
#GooglePlayStore
#egiftcard
#Caracas 
#Venezuela https://t.co/OtsU9lH36a",1.311386050758013e+18
48,2020-09-30 19:21:05,MilkHoneyedLand,"Half Sick of Shadows by Richard Abbott audiobook, narrated by Menna Bonsels, now available on #amazon UK https://t.co/XuVLsimMrW … indieBRAG medallion winner #historicalfantasy #fantasy https://t.co/sDOSK4wMtN",1.3113855962046464e+18
49,2020-09-30 19:15:16,CoolDealCA,"RayPard 24-Piece Silverware Set with 5-Compartment Box Tray for $17.99!!

#freebies #deals #deal #moneysaver #greatdeal #steals #discount #sale #bargain #bargainhunter #bargainshopper #cheap #bestprice #Amazon  #Deals #giveaway #Deal #ganga

 https://t.co/gpksF9mCjo https://t.co/ONjIg3KCTE",1.3113841344729457e+18
,date,screen_name,tweet,tweet_id
0,2020-09-30 19:07:44,XperienceDope,"Blasting Nelly, P Diddy, Murphy Lee - Shake Ya Tailfeather (Club) right now on Pretty Dope Xperience Radio aka #BlackPandora

listen now and catch a wave!! https://t.co/VqKFopeoex  #nowplaying #np #RT  #NowStreaming #Streema Download Now #Alexa #GooglePlay #iOSAppStore #Amazon #",1.311382238303531e+18
1,2020-09-30 19:09:24,i_inkling,"Acaba de llegar Cuando nos prohibieron ser #mujeres... y os #persiguieron por ser #hombres: Para #entender como nos #afecta la #ideologíadegénero 

Se ve muy bueno 👍 #amazon #libro 📖 https://t.co/Gh25aGAbn7",1.3113826579521004e+18
2,2020-09-30 19:12:33,XperienceDope,"Blasting Nate Dogg - I Got Love  right now on Pretty Dope Xperience Radio aka #BlackPandora

listen now and catch a wave!! https://t.co/VqKFopeoex  #nowplaying #np #RT  #NowStreaming #Streema Download Now #Alexa #GooglePlay #iOSAppStore #Amazon #",1.311383450155397e+18
3,2020-09-30 19:05:11,kana_ogawa,"【戦争映画】ベスト10
Brothers
https://t.co/Vcbl4vTgMa #Amazon",1.3113815956438016e+18
4,2020-09-30 19:05:14,CoolDealCA,"Compact HEPA Air Purifier for $47.19!!

#freebies #deals #deal #moneysaver #greatdeal #steals #discount #sale #bargain #bargainhunter #bargainshopper #cheap #bestprice #Amazon  #Deals #giveaway #Deal #ganga

 https://t.co/L3gXnTHhru https://t.co/5QgSemSJbg",1.3113816085833073e+18
5,2020-09-30 19:05:00,Graphic40532600,"Are you an Amazon seller? 
#amazon #amazonprime #amazonseller #amazonsellers #amazonsellercentral #amazonfba #sellonamazon #amazoninfluencer #amazonproduct #amazonimage #amazonimages #photoshop #photoshopcc #workfromhomelife #fba #infographics #infographicdesign https://t.co/k9n7A670Kn",1.3113815493008548e+18
6,2020-09-30 19:06:57,MaisyPhylactou,"Can’t wait to see how the new LOTR tv series turns out! 😁 

#lotr #lotrtvseries #cantwait #becurious #amazon https://t.co/969STA9zcj",1.311382042748375e+18
7,2020-09-30 19:12:02,Store_Brands,"A full assortment of Amazon Brands will be running deep discounts on Prime Day Oct. 13-14. See what the retailer has planned. #PrimeDay #Amazon #AmazonBrands #privatelabel
https://t.co/4zv7ArFW64 https://t.co/olhB9bpTDP",1.31138332062276e+18
8,2020-09-30 19:10:04,_adamjinks,"I bought a little @Synology NAS recently. Amazon prompted me to post a review. 
Haha, are these the ""features"" that Amazon's customers are looking for in a NAS?  

 #jinkscrew #amazon #synology #nas https://t.co/ICcPKm5J6T",1.3113828250405233e+18
9,2020-09-30 19:12:17,creativemm12,"👉https://t.co/CzQXc5u6mj #amazon👈
💯👉Auto Follower👈💯
💯👉#自動相互フォロー👈💯

#500ADay
#Donald #Trump #Jr
#Palantir
#Equity
#RT企画
#相互リツイート
#1000ADay
#f4f
#followermachine
#FollowBack
#TFB
#500ADay",1.3113833845940675e+18
10,2020-09-30 19:06:17,hispachollos,"🌀 FIND - Toallitas desmaquilladoras con Aceite Micelar- 6x25 toallitas(150 toallitas). #Amazon 🇪🇸

🔘 Descuento automático al tramitar el pedido!!!

🕘 PRECIO FLASH: 6,59€

💶 Precio oferta: 10,99€ 💥

💳 Enlace: https://t.co/BearI3d9te

 ...
https://t.co/JYv33crKhh
#chollo",1.3113818751439872e+18
11,2020-09-30 19:07:15,JR4q4s3Lb7M4Y5y,"Amazonでばっかり買っちゃうなー^_^
#Amazon",1.3113821171593216e+18
12,2020-09-30 19:08:36,Brittis2nd,"#Skin. Out now. https://t.co/8FrF916Uri
#Stream &amp; #Download on #Spotify, #Amazon, #GooglePlay, #Tidal, &amp; #iTunesMusic. #DistroKid #Singer #Songwriter #NewMusic ✊🏾🔥🔄🙏🏾 https://t.co/Wu1uxt5T2t",1.3113824560968335e+18
13,2020-09-30 19:05:02,BoostYourBooks,"We publish a variety of interesting #books listed on #amazon: #Architecture #Art #Biographies #Cooking #Health #Mathematics #Music #Nature #Politics #Religion and a variety of class-room tested books for #children.
Visit ➡️ https://t.co/yZyup5moJl
#readers @WParksPublisher",1.3113815568214016e+18
14,2020-09-30 19:06:39,creativemm12,"&lt;Current Weather&gt;
Boston
Temperature: 69.53°F/ Status: clouds
👉https://t.co/n2i8aEPo9X #amazon👈
💯👉Auto Follower👈💯
💯👉#自動相互フォロー👈💯

#TFB
#Donald #Trump #Jr
#Henrik #Lundqvist
#Equity
#FollowNGain
#500ADay
#TFB
#TFW
#相互RT
#固",1.3113819643230822e+18
15,2020-09-30 19:10:13,CoolDealCA,"Black 50-Pack of Face Masks for $16.88!!

#freebies #deals #deal #moneysaver #greatdeal #steals #discount #sale #bargain #bargainhunter #bargainshopper #cheap #bestprice #Amazon  #Deals #giveaway #Deal #ganga

 https://t.co/OEhxtvfgPH https://t.co/cUuKB7ihkm",1.3113828637498122e+18
16,2020-09-30 19:05:42,kana_ogawa,"【戦争映画】ベスト10
第1章
https://t.co/00NPsp1KaB #Amazon",1.3113817279573238e+18
17,2020-09-30 19:10:14,CoolDealCA,"AquaDance High Pressure 6-Setting Shower Head for $16.42!!

*Rainfall one for $16 
  
#freebies #deals #deal #moneysaver #greatdeal #steals #discount #sale #bargain #bargainhunter #cheap #bestprice #Amazon  #Deals #giveaway #Deal #ganga

 https://t.co/v5VAMdolXr https://t.co/9cXzdgRE0X",1.3113828664425554e+18
18,2020-09-30 19:10:27,forevermymoon,"Top Deals &amp; Discounts $50 Amazon Gift Card Giveaway https://t.co/eBCJ9Y43N9

Open to US only. Must be 18+ to enter. #Giveaway ends 10/31/20.

@las930 @KitHelens #giveaways #amazon #giftcard #win #amazongiftcard",1.311382920800727e+18
19,2020-09-30 19:10:08,rakten_kaden_,"10/01 04:10

シャープ 除湿機 兼 加湿 空気清浄機 プラズマク
【楽天】54980円
【Amazon】58500円

★楽天で購入すると★
 3520円 お得（お得率6％）

↓お得な情報を一覧で確認出来るサイト
https://t.co/kMQYxgL6Rh

#楽天市場 #Amazon #お得 #せどり https://t.co/1HWkAZ6jeU",1.3113828403286876e+18
20,2020-09-30 19:05:32,kana_ogawa,"【戦争映画】ベスト10
ベトナム激戦史1967　攻防ケサン基地（字幕版）
https://t.co/VP26EPXiSs #Amazon",1.311381683979993e+18
21,2020-09-30 19:08:33,DaveVeeps,"“Like you said, I'm a fucking superhero.”
-
Starlight: @black_and_white_cosplay 
-
#TheBoys #Amazon #AmazonPrime #Cosplay #Starlight #SuperHero #Comicbook https://t.co/5BuMGvstEf https://t.co/IGZb2oEdK6",1.3113824428135547e+18
22,2020-09-30 19:06:11,GetPiTop,"🍂This fall, learn coding skills with hands-on electronic projects.

We're happy to announce that pi-top [4] is now available on #Amazon US! A one-to-one 30-minute coding lesson is included with this purchase. Get yours now: https://t.co/6ipPsHhvNZ https://t.co/rhac2e6EAP",1.3113818461864346e+18
23,2020-09-30 19:10:00,CNNChile,Reportaje asegura que los #Robots de #Amazon han provocado más lesiones entre sus empleados https://t.co/lyCoAjI04A | Vía @futuro_360,1.3113828079067177e+18
24,2020-09-30 19:07:48,VotingBlueInTX,All Lives Can't Matter Until Black Lives Matter T-Shirt https://t.co/2fBcY4LvAa #Amazon,1.3113822545479885e+18
25,2020-09-30 19:09:52,Bdnews24Tv,"Order Now on Amazon

8-sheet Capacity। Cross-Cut Paper and Credit Card Shredder। 4.1 Gallon। AmazonBasics

https://t.co/VUwNT6Zhgt
#8-sheet Capacity #Cross-Cut Paper and Credit Card Shredder #4.1 Gallon #AmazonBasics #Credit Card Shredder #Shredder #Cross-Cut Shredder #amazon.com",1.3113827754259825e+18
26,2020-09-30 19:10:13,CoolDealCA,"Scotch Heavy Duty Shipping Packaging Tape for $12.19!! (Retail: $22.99)

#freebies #deals #deal #moneysaver #greatdeal #steals #discount #sale #bargain #bargainhunter #bargainshopper #cheap #bestprice #Amazon  #Deals #giveaway #Deal #ganga

 https://t.co/6e4RA6M15p https://t.co/REWbgCAj9c",1.3113828609311826e+18
27,2020-09-30 19:09:41,chollosyoferta,"#Chollo #Amazon Colon Detergente Gel 30 dosis [Pack de 5, Total 150 dosis]

Precio oferta: 12,9

    👇👇👇👇👇👇👇
👉 https://t.co/wBloIgKgHi https://t.co/ocXTbHW4Od",1.3113827294230323e+18
28,2020-09-30 19:05:07,rakten_kaden_,"10/01 04:05

パナソニック 500L 6ドアノンフロン冷蔵庫 ア
【楽天】188000円
【Amazon】236780円

★楽天で購入すると★
 48780円 お得（お得率26％）

↓お得な情報を一覧で確認出来るサイト
https://t.co/kMQYxgL6Rh

#楽天市場 #Amazon #お得 #せどり https://t.co/9MqwoxWk4T",1.3113815791224054e+18
29,2020-09-30 19:05:27,kana_ogawa,"【戦争映画】ベスト10
バトルシップ (字幕版)
https://t.co/Ax3pYlRDdW #Amazon",1.3113816618214482e+18
30,2020-09-30 19:05:16,kana_ogawa,"【戦争映画】ベスト10
アメリカン・アサシン(吹替版)
https://t.co/W6zmwRhRxa #Amazon",1.3113816176093307e+18
31,2020-09-30 19:05:00,Haidji,"Book Quote:""For the Earth to survive, for the human race..."" Click on  https://t.co/NNtFNTTvMq #quoteoftheday #quotes #kindleunlimited #amazon  #inspiration #haidji   #goodreads #books #read #reading #bookblogger https://t.co/R9dX5ERyrj",1.3113815495191183e+18
32,2020-09-03 18:26:48,LenovoLegion,"Lenovo Legion x @PlayApex
Now is your chance to rise above the rest. 
Unmatched performance, purposeful engineering, modern design.
Gear up with a machine as savage as you are.
Stylish outside.
Savage inside.",1.301587465258578e+18
33,2020-09-30 19:10:00,futuro_360,Reportaje asegura que los #Robots de #Amazon han provocado más lesiones entre sus empleados https://t.co/SGoR4QtSK1,1.311382807613145e+18
34,2020-09-30 19:11:28,razielcoolesse1,Striped One Shoulder High Low Irregular Blouse Top - Women's Ruffl... https://t.co/tHrmX0fIT7 #Amazon,1.311383176917463e+18
35,2020-09-30 19:05:48,kana_ogawa,"【戦争映画】ベスト10
戦争と人間　「完結篇」
https://t.co/IUbonJKRJ2 #Amazon",1.3113817499186217e+18
36,2020-09-30 19:12:00,Haidji,"Book Quote:""War or peace cannot kill love."" Click on  https://t.co/zWLWKPub4f  #war #love #story  #quoteoftheday #quotes #kindleunlimited #amazon  #inspiration #haidji   #goodreads #books #read #reading #bookblogger https://t.co/ChZulCCfN6",1.311383310585811e+18
37,2020-09-30 19:11:48,CarloashleyAnn,Donald Trump Toilet Brush Toilet Paper Bundle Funny Political Gag No... https://t.co/5A3pyWShxP #Amazon,1.3113832595788063e+18
38,2020-09-30 19:09:00,Haidji,"Book Quote: ""What do you know about DEATH, Green? ..."" Click on  https://t.co/XX3wygfQMX #life #quoteoftheday #quotes #kindleunlimited #amazon  #inspiration #haidji   #goodreads #books #read #reading #bookblogger https://t.co/algOjEePQw",1.311382555980071e+18
39,2020-09-30 19:05:21,kana_ogawa,"【戦争映画】ベスト10
インターステラー(吹替版)
https://t.co/DOaHKDg67l #Amazon",1.3113816397216604e+18
40,2020-09-30 19:10:02,razielcoolesse1,Calvin Klein Women's Sleeveless Color Block Sheath with Shoulder C... https://t.co/CVzrWqoNfH #Amazon,1.3113828148777165e+18
41,2020-09-30 19:07:03,DS_Watch,Social Engineer is a fast-paced novella and an exciting way of educating on the human side of security: https://t.co/blD1rfatyH | #amazon #book https://t.co/d09lwtXF7j,1.3113820667816591e+18
42,2020-09-30 19:10:40,07_jacobs,#amazon waiting for delivery https://t.co/xNHh4OuXwS,1.3113829750750208e+18
43,2020-09-30 19:09:31,QuickShopDeals,"***Great Deal*** Low Price***
Nabisco Team Favorites Variety Pack, OREO Mini, CHIPS AHOY! Mini, Teddy Grahams Honey &amp; Barnum's Animal Crackers, Halloween Treats, 30 - 1 oz Packs
Price$6.32*Free ship*
https://t.co/oaQaP46nKY
#amazon #amazondeals #deals #sale #save #savings #shop https://t.co/gEuvqi0l9S",1.3113826871738e+18
44,2020-09-30 19:05:03,CandidBReview,"#readandreview here:
https://t.co/gUlC7GVWv5

Available at #Amazon
https://t.co/x9aD6CFr4q
#ad

#love2read #bookreview #lovebooks #readmore #bookworms #lovetoread #bookaday  #Feedyourreader #bookaday #read #livetoread #bookshelf #Kindle #bookaddict #booksofinstagram #love https://t.co/d91afmp7S4",1.3113815644717711e+18
45,2020-09-30 19:05:06,kana_ogawa,"【戦争映画】ベスト10
ゼイ・シャル・ノット・グロウ・オールド(字幕版)
https://t.co/TWsjXBhPZN #Amazon",1.3113815737327657e+18
46,2020-09-30 19:04:56,elsuperchollo,"⏱ No lo dejes escapar ⏱ #Amazon 

Under Armour - Rush Heatgear Compression SL - Tanque Hombre 

Descuentazo de locos 75% 

💵 Precio desde 12,35 EUR

🔰 Enlace: https://t.co/lD1g3rZB23 

🌐 https://t.co/ffGPGShs7E https://t.co/zUEBBxknCt",1.3113815352249836e+18
47,2020-09-30 19:05:00,kana_ogawa,"【戦争映画】ベスト10
地獄の中の戦場　ワルシャワ蜂起1944（字幕版）
https://t.co/IfUxz4SplC #Amazon",1.3113815518048666e+18
48,2020-09-30 19:05:00,robertstanek,"#bannedbooksweek When malicious targeting of my books stopped suddenly, I thought someone must have finally caught the #Amazon insiders responsible and someone had, the Justice Department!! 

https://t.co/HMWRuDx1Oo

#darngoodreads #freedomtoread #goodreads #libraryresources",1.3113815495275684e+18
49,2020-09-30 19:05:37,kana_ogawa,"【戦争映画】ベスト10
ALONE アローン（吹替版）
https://t.co/OzkJicQzfy #Amazon",1.3113817058491023e+18
,date,screen_name,tweet,tweet_id
0,2020-09-30 19:04:03,theunionjournal,"#Amazon #1080p APEMAN Trail Camera 16MP 1080P No-Glow Infrared Night Vision Hunting Camera for Wildlife Monitoring, Garden, Home Security Surveillance: Price: (as of – Details) Product Description Designed with the most innovative ideas and high-end… https://t.co/frTHsuKjDx",1.3113813129141617e+18
1,2020-09-30 19:02:56,RadioSilentplay,"$BEGI .0211 up such a gift remember this use to be .079 and nothing has changed 

#bitcoin 
#AMAZON 
Bullish Channel on chart 

Remarks: LONg on this beautiful channel https://t.co/ui0k8bgYq1 https://t.co/QzThibyxTf",1.3113810290689597e+18
2,2020-09-30 19:03:07,amzn_deals_us,"https://t.co/fY2EHcZv9r Derma Roller Cosmetic Needling Instrument For Face, 540 Titanium Micro Needle.25mm - Includes Free Storage Case #Amazon #Deal https://t.co/HY5NbyyDaC",1.3113810766198006e+18
3,2020-09-30 19:00:37,yuki_nagase,"【刑事映画】ベスト10
最強の敵！特捜班、崩壊
https://t.co/I94xJNxxqk #Amazon",1.31138044802347e+18
4,2020-09-30 19:02:00,facteus,"🇺🇸 Consumer Spend: 
Amazon vs Walmart Sep 27

The gap in spending growth between retail giants $AMZN and $WMT remains wide, with Amazon growing 61% YOY vs Walmart’s 10%.

Read our updated consumer spend report:
https://t.co/XLuLGQwZeq

#retail #ecommerce #Amazon #consumerspending https://t.co/k1jfWE9vVo",1.311380794452009e+18
5,2020-09-30 19:04:26,fikadeals,"PUMA @ RS. 446

Link :https://t.co/KHGYJIUyWT

#amazon #amazonfashion #amazonfashionfinds @ Hyderabad https://t.co/bDaBHkiK7f",1.3113814085570068e+18
6,2020-09-30 19:04:21,VfGoaBCrLiInilf,"アマゾンデバイスで快適なアマゾン生活！
2020年10月1日4時のアマゾンデバイスランキングをチェック！

 こちらをクリック！
 https://t.co/IYp86C3bGt 

#アマゾン #プライム #ガジェット #ランキング #amazon #firetvstick #FireTabet #Kindle #Echo #Alexa #Echoshow",1.3113813867800535e+18
7,2020-09-30 19:03:17,XperienceDope,"Blasting Usher, Will I Am - Omg (Club) right now on Pretty Dope Xperience Radio aka #BlackPandora

listen now and catch a wave!! https://t.co/VqKFopeoex  #nowplaying #np #RT  #NowStreaming #Streema Download Now #Alexa #GooglePlay #iOSAppStore #Amazon #",1.3113811190913106e+18
8,2020-09-30 19:04:08,LatinaR2,"#Amazon: Coupon code: RXUI55VH
Sale Price before code: $26.99-28.99
Price after code: $8.09-8.7
Percent % discount: 70% off https://t.co/PDfjYaNmfs via #deal #deals #qpon #ad #gifts",1.311381332954624e+18
9,2020-09-30 19:01:57,OnlyGearBest,"🌟 [𝗢𝗻𝗹𝘆 𝗚𝗲𝗮𝗿𝗯𝗲𝘀𝘁] 🌟

🔊 MECO ELEVERDE Dispensador Jabón Líquido Automático,Dispensador Gel Hidroalcohólico Dosificador  #amazon

🌍 Enlace: https://t.co/lOVcf42WXs

Te esperamos en telegram: https://t.co/mPaN5u2fFj https://t.co/x8Rj4lWBNk",1.3113807822256865e+18
10,2020-09-30 19:03:09,MohaiExperiment,"""The brightest darkness""
- #Amazon store: https://t.co/tJ0K6WUWqX
- #iTunes store: https://t.co/su1juy97vt
- #BandCamp : https://t.co/ItQP1lQwUk",1.3113810830119117e+18
11,2020-09-30 19:00:34,shinchaku,【発売日：2020/09/18】裏切られたSランク冒険者の俺は、愛する奴隷の彼女らと共に奴隷だけのハーレムギルドを作る 1 (ヤングジャンプコミックスDIGITAL)  https://t.co/6Msuh69aSX #amazon,1.311380435516248e+18
12,2020-09-30 19:00:35,ShimmerAShine,"Shop new USA tie and twist headbands at https://t.co/phEuuLXVMn  
#usa2020 #usaelection #US #uspresidentialdebate #Amazon",1.311380439861547e+18
13,2020-09-30 19:04:00,robertstanek,"#bannedbooksweek When malicious targeting of my books stopped suddenly, I thought someone must have finally caught the #Amazon insiders responsible + someone had, the Justice Department!!! 

https://t.co/HMWRuDx1Oo

#darngoodreads #freedomtoread #goodreads #libraryresources https://t.co/5E1b6eH0PH",1.311381297923797e+18
14,2020-09-30 19:02:32,Stage32,"Next Week: Learn How Amazon Studios Finds and Picks Up Films - Early Bird Sale Going on Now! Save $10 - https://t.co/sBGunAtGRm

#distro #filmdistribution #amazon https://t.co/mBCIytWtw8",1.3113809295465185e+18
15,2020-09-30 19:01:45,RadioSilentplay,"$BEGI .0188-.019 added  (LONG)

 #BTCUSD #bitcoin stock ties to $AMZN  

#AMAZON NEWS! constructing the Peer-to-Peer (P2P) BlackStar Digital Trading Platform (BDTP). We have completed a working demo on Amazon Blockchain

Pivot .079

Remarks: (LONG) One of my favorite $BTC play https://t.co/P3azK46cnx",1.311380732342829e+18
16,2020-09-30 19:04:00,robertstanek,"#bannedbooksweek When malicious targeting of my books stopped suddenly, I thought someone must have finally caught the #Amazon insiders responsible + someone had, the Justice Department!! 

https://t.co/HMWRuDfqpO

#darngoodreads #freedomtoread #goodreads #libraryresources https://t.co/YBQiowVhiD",1.3113812978566144e+18
17,2020-09-30 19:03:02,AuthorOSanchez,"You can communicate with him? That's awesome.
It's only awesome if your favorite topic is meat.
https://t.co/L0A5oAwwwO
#humor #ebook #amazon #Peachesthehellhound https://t.co/WAjdAlQdJ4",1.3113810558034043e+18
18,2020-09-30 19:00:56,CoolDealCA,"10000, Ultra-Compact High-Speed Portable Charger only $10.99!!

#freebies #deals #deal #moneysaver #greatdeal #steals #discount #sale #bargain #bargainhunter #bargainshopper #cheap #bestprice #Amazon  #Deals #giveaway #Deal #ganga

 https://t.co/QC2G8rAWKJ https://t.co/AxyRZOo0JA",1.3113805273756713e+18
19,2020-09-30 19:01:58,reinadellowcost,"🌟 [𝗟𝗮 𝗿𝗲𝗶𝗻𝗮 𝗱𝗲𝗹 𝗟𝗼𝘄𝗰𝗼𝘀𝘁] 🌟

🔊 MECO ELEVERDE Dispensador Jabón Líquido Automático,Dispensador Gel Hidroalcohólico Dosificador  #amazon

🌍 Enlace: https://t.co/IeE9gilpp3

Te esperamos en telegram: https://t.co/Jxndx9pJCJ https://t.co/wtm2k4Bdlr",1.3113807860719002e+18
20,2020-09-30 19:01:50,elsuperchollo,"💶 Super Barato 💶 #Amazon 

Desconocido - Ajustables Cordon Elastico Cuello Deporte Gafas De Sol Gafas Amarillas Str... 

📢 Mega descuento del 38% 

💵 Precio desde 1,84 EUR

🔰 Enlace: https://t.co/mnid3SqzU6 

🌐 https://t.co/8VosAp8tIP https://t.co/prfmFWDX67",1.311380755277394e+18
21,2020-09-30 19:03:00,decine21,#Amazon se hace con la secuela secreta de #Borat https://t.co/ywbh3J53WL https://t.co/mjcgVRwDLx,1.3113810458669507e+18
22,2020-09-30 19:02:02,KenFry10,"#FREEBOOK
Always take heed of the locals...
Tick tock tick tock, you should never be alone with a speaking clock.
It's timeless and sees and hears all. And it knows your weaknesses...
👉 https://t.co/UHXa5J6NXT
Get your copy for #FREE
#smashwords #amazon
#kindlebook
#Suspense https://t.co/XTHGmJLVlC",1.3113808014818468e+18
23,2020-09-30 19:01:01,CoolDealCA,"💲💰
Got2b Metallic Permanent Hair ...
Reduced from $9.97 to $4.99

# #Deals #new #Deals #Amazon  #Deal #ganga

 https://t.co/GG9YD31m33 https://t.co/3Z1NsPcxZ3",1.3113805495132283e+18
24,2020-09-30 19:03:04,johnhartness,"He's one of the Wild West's most famous outlaws. Or maybe he's one of the greatest heroes in American history. Or maybe he's a legend all his won. Whatever he is, you've never seen Billy the Kid like this before! https://t.co/JAsCdRTKbD #western #kindle #amazon https://t.co/Ioi8OQJoHW",1.311381065337131e+18
25,2020-09-30 19:00:55,Libreria_Mundo,"ENTRA GRATIS A LA PRIMERA CLASE AQUI=== https://t.co/NuZ0nXii09 AL ENTRAR, PINCHAR DONDE DICE: ""VISTA PREVIA DE ESTE CURSO"". ALLÍ PODRÁS VER LA PROMO Y DISFRUTAR DE LA PRIMERA CLASE GRATIS . ENTRA AQUÍ ==)) https://t.co/3MsUTsgUJK #Libros #amazon #ebook #novela #escritor #kdp https://t.co/K1Y77fH1zL",1.3113805240579318e+18
26,2020-09-30 19:00:42,yuki_nagase,"【刑事映画】ベスト10
罪
https://t.co/9hpvwc0jOD #Amazon",1.3113804698547773e+18
27,2020-09-30 19:00:37,shinchaku,【発売日：2020/09/17】高嶺のハナさん 3  https://t.co/V6vaqTbJ2w #amazon,1.3113804453811773e+18
28,2020-09-30 19:03:12,bmurphypointman,#twitter #facebook #instagram #linkedin #socialmedia #pinterest #medium #amazon Need to make money? Save money while shopping? Get discounts on travel? Check out my website https://t.co/vBHLD11zwQ,1.3113810974570332e+18
29,2020-12-01 16:15:08,AnkerOfficial,"Anker Nano has been upgraded to 20W!
The new and improved Anker Nano can now charge your new iPhone up to 3× faster.",1.3338068503078339e+18
30,2020-09-30 19:03:16,BabulMea,"https://t.co/VzgJ0G2auo
Hi there Welcome to the best Instagram Marketing service on @Twitter 
Organic growth
Follow unfollow method
Daily post
Creative content creation
please visit my gig #Fiverr 
#seokjin #jisoo #jikook #AmongUs #LISA #Exchange #Amazon #Google #USA #UK https://t.co/kAUwd2vgll",1.3113811148800287e+18
31,2020-09-30 19:03:14,cubimation,"室内トレーニングの為に #ヨガマット 欲しいんだけど、おすすめ品ともなるとそれなりの値段するなぁ
#amazon で探すと安いのは1,000円台からあるけど大体中国メーカーなんだよねぇ
初心者だし大した事する訳じゃないけど安物買いの銭失いはヤダ",1.3113811040797696e+18
32,2020-09-30 19:00:55,TheInStockRoom,"***New Deal***
Got2b Metallic Permanent Hair ...
Reduced from $9.97 to $4.99
https://t.co/8qvlZ9l6uo
#Deals #newDeals #Amazon https://t.co/GacvzJIwCw",1.311380524213166e+18
33,2020-09-30 19:00:35,shinchaku,【発売日：2020/09/18】会社四季報 2020年 4集 秋号  https://t.co/HdIzlJ03Q2 #amazon,1.3113804369423114e+18
34,2020-09-30 19:02:44,GAMEZT2013,激安グラボ！ #RADEON HD 3870 1GBメモリ https://t.co/uy6eBczyiF まだまだ早い部類 #ヤフオク #Yahoo #amazon #PC #グラボ,1.3113809778731581e+18
35,2020-09-30 19:00:38,shinchaku,【発売日：2020/09/12】失格紋の最強賢者 ～世界最強の賢者が更に強くなるために転生しました～ 12巻 (デジタル版ガンガンコミックスＵＰ！)  https://t.co/SsgUZeknWu #amazon,1.3113804512615916e+18
36,2020-09-30 19:00:48,yuki_nagase,"【刑事映画】ベスト10
検察側の罪人
https://t.co/X1bzSb2DEV #Amazon",1.311380491707183e+18
37,2020-09-30 19:00:39,shinchaku,【発売日：2020/09/17】ダイヤのＡ　ａｃｔ２（２３） (週刊少年マガジンコミックス)  https://t.co/0UM66KjUye #amazon,1.3113804537363046e+18
38,2020-09-30 19:01:56,reacochollos,"REACONDICIONADO❗♻️

        ✅ Xiaomi Redmi Note 8 RAM 4GB ROM 64GB Android 9.0 Versión Global Negro

        🔥 OFERTA: 108.70€ 🔥

        🔰 https://t.co/TtHss2rPR3

        #reacochollos #amazon #oferta #chollo #descuento https://t.co/TPgm5toDON",1.3113807767354532e+18
39,2020-09-30 19:02:51,byLilyV,"Get #IT #CERTIFIED 
One lesson, four #AWS certificates!
Enrol https://t.co/MTTCw6V3Vu
#cloudcomputing #amazon #cloud #certification https://t.co/xqQuIHUJaG",1.3113810072165868e+18
40,2020-09-30 19:01:59,MenudoPaquete,"🌟 [𝗠𝗲𝗻𝘂𝗱𝗼 𝗣𝗮𝗾𝘂𝗲𝘁𝗲] 🌟

🔊 MECO ELEVERDE Dispensador Jabón Líquido Automático,Dispensador Gel Hidroalcohólico Dosificador  #amazon

🌍 Enlace: https://t.co/kqaGT6ntbD

Te esperamos en telegram: https://t.co/IbEojfZpa4 https://t.co/BVAZjWZuRf",1.311380790534697e+18
41,2020-09-30 19:03:22,readinglistbook,Popular Books | Best All Ebook #Kindle #Free #Amazon #Books #Romance #Reading #Book #KindleUnlimited https://t.co/mAnPdCK5Bf,1.3113811398361375e+18
42,2020-09-30 19:02:38,VictimOfIllusio,"""Invisible Light"" available on
- #Amazon : https://t.co/xBLL4my70O
- #iTunes : https://t.co/DXSSl7wpl4
- #BandCamp : https://t.co/XHDiFsRoeX",1.3113809553456865e+18
43,2020-09-30 19:00:39,shinchaku,【発売日：2020/09/30】FREECELL vol.34 なにわ男子『メンズ校』撮りおろし表紙巻頭12ページ/小林由依(欅坂46)、映画『さくら』で演じたカオル役について語る最新インタビュー (KADOKAWA MOOK)  https://t.co/1EuAB7U1ax #amazon,1.3113804563199795e+18
44,2020-09-30 19:01:10,AudreyDesisto,"Phishing Attack Targets Microsoft 365 Users With #Netflix &amp; #Amazon Lures via @DarkReading 
https://t.co/odAK5IUOOq
#CyberSecurity  #CyberAttack #Microsoft #infosec #privacy #CyberSecurityNews #phishing",1.3113805846655795e+18
45,2020-09-30 19:03:27,elsuperchollo,"Precio de locuraaaa❗❗ #Amazon 

Under Armour - Qualifier Speedpocket Roadside Runway - Legging Mujer 

Rebajón del 26% 

💵 Precio desde 19,91 EUR

🔰 Enlace: https://t.co/R5oBp5NyW7 

🌐 https://t.co/60Jb0ql31b https://t.co/G9Q1VulrFe",1.311381158492504e+18
46,2020-09-30 19:00:39,shinchaku,【発売日：2020/09/24】週刊少年チャンピオン2020年43号 [雑誌]  https://t.co/RqdKGhCvHr #amazon,1.3113804549818941e+18
47,2020-09-30 19:00:43,KathyWalcott,"💥 INCREDIBLE news!!! Did you know that you can pick up #DaveitFerris' amazing new and older albums on #Amazon #Itunes and https://t.co/mCcEiMTgcu? Give a listen, pick up your favs and #supporttheartist! #music #newreleases https://t.co/4v2JjdTmWV",1.3113804716459008e+18
48,2020-09-30 19:00:40,shinchaku,【発売日：2020/09/23】ちっこいMyojo 2020年 11 月号 [雑誌] (Myojo(ミョージョー) 増刊)  https://t.co/lvonATeNlg #amazon,1.3113804592307692e+18
49,2020-09-30 19:02:40,RetroGameSearch,"Street Fighter Video Martial Arts #Arcade Game Cool Kids Adult T-Shirt Tee #Amazon #US #RetroGaming #RetroGames #RetroGameSearch
🔗 https://t.co/j6dOggKXL2 *",1.3113809614231757e+18
,date,screen_name,tweet,tweet_id
0,2020-09-30 19:00:22,yuki_nagase,"【刑事映画】ベスト10
孤狼の血
https://t.co/mhO6ex8c4V #Amazon",1.311380382156157e+18
1,2020-09-30 19:00:26,shinchaku,【発売日：2020/09/09】わたしの幸せな結婚 2巻通常版【デジタル版限定特典付き】 (デジタル版ガンガンコミックスONLINE)  https://t.co/7cOhxVMQSO #amazon,1.311380399470383e+18
2,2020-09-30 19:00:16,yuki_nagase,"【刑事映画】ベスト10
リグレッション(字幕版)
https://t.co/GWjgCIhw4e #Amazon",1.3113803598298112e+18
3,2020-09-30 19:00:00,yuki_nagase,"【刑事映画】ベスト10
ドラマスペシャル　最後の晩餐　刑事・遠野一行と七人の容疑者
https://t.co/kWwbcwfsjo #Amazon",1.3113802938072924e+18
4,2020-09-30 19:00:27,shinchaku,【発売日：2020/09/24】転生したら剣でした (8) 【電子限定おまけ付き】 (バーズコミックス)  https://t.co/hSuQYmAhrj #amazon,1.3113804038827827e+18
5,2020-09-30 19:00:32,yuki_nagase,"【刑事映画】ベスト10
グラスホッパー
https://t.co/Whr6PHT7Lc #Amazon",1.3113804260705198e+18
6,2020-09-30 19:00:00,friki_wars,"¡¡En la #FrikiDecisión de hoy, tenéis que elegir entre dos de los personajes más famosos de la gran serie The boys! ¿De que bando eres? ¿El patriota s o Billy Butcher?

#Friki #TheBoys #Amazon #PrimeVideo https://t.co/Aosz4Ebw98",1.3113802925532488e+18
7,2020-09-30 19:00:00,WoundedBlueDoc,"The emotional &amp; financial scars remain long after our Cops endure the stress of a Critical Incident.

As told by @Ann_Carrizales in #TheWoundedBlue #Documentary.

Support our Cops &amp; see the film tonight on #Amazon, #iTunes , #Microsoft, &amp; #GooglePlay.

https://t.co/NWYdC0a6vY https://t.co/rFqbay63cG",1.3113802898479227e+18
8,2020-09-30 19:00:33,shinchaku,【発売日：2020/09/18】私の百合はお仕事です！: 7【カラーイラスト特典付】 (百合姫コミックス)  https://t.co/N9ZcXPPPtu #amazon,1.3113804296064e+18
9,2020-09-30 19:00:00,FerchoMoc,"Ayer publiqué en las historias de mi instagram esta pasada de @amazon @amazonmex

¿Qué te parece la idea del #AmazonOne? De verdad que se están luciendo muy cañón con todo lo que están sacando, me parece excelente, y a ti?

#BeTrendyBeTech #Tecnología #Tech #Amazon https://t.co/psmBVj0TjE",1.3113802914167316e+18
10,2020-09-30 19:00:06,rakten_kaden_,"10/01 04:00

パナソニック コードレス超音波水流口腔洗浄器（充電
【楽天】15180円
【Amazon】21000円

★楽天で購入すると★
 5820円 お得（お得率38％）

↓お得な情報を一覧で確認出来るサイト
https://t.co/kMQYxgL6Rh

#楽天市場 #Amazon #お得 #せどり https://t.co/PKBzibm1RY",1.311380318977319e+18
11,2020-09-30 19:00:22,shinchaku,【発売日：2020/09/30】転生したらスライムだった件 17 (GCノベルズ)  https://t.co/mWJbSGDJ9I #amazon,1.3113803855578685e+18
12,2020-09-30 19:00:31,shinchaku,【発売日：2020/09/17】東京卍リベンジャーズ（１９） (週刊少年マガジンコミックス)  https://t.co/M8yKW1FVBV #amazon,1.3113804232185324e+18
13,2020-09-30 19:00:20,shinchaku,【発売日：2020/09/23】ブルーピリオド（８） (アフタヌーンコミックス)  https://t.co/stI4UPWEov #amazon,1.311380374837244e+18
14,2020-09-30 19:00:06,yuki_nagase,"【刑事映画】ベスト10
松本清張特別企画　犯罪の回送
https://t.co/UY07nNVbd7 #Amazon",1.3113803157686682e+18
15,2020-09-30 19:00:11,yuki_nagase,"【刑事映画】ベスト10
見えない目撃者
https://t.co/ofaPw4lq4d #Amazon",1.3113803376587162e+18
16,2020-09-30 19:00:11,dealnarwhal,Community Coffee Breakfast Blend 36 Count Coffee Pods $11.97 https://t.co/dpRnfq1Lbu at #Amazon https://t.co/ChSYFVihkQ,1.3113803372185395e+18
17,2020-09-30 19:00:22,shinchaku,【発売日：2020/09/19】終末のワルキューレ 8巻 (ゼノンコミックス)  https://t.co/Whur9for4G #amazon,1.311380382584107e+18
18,2020-09-30 19:00:00,AlphaRepricer,"Best #Amazon repricer, Alpha Repricer will increase your sales, start winning Buy Box, sign up today!

https://t.co/L9k2Dxj8q6

#Amazon #Amazonfba #Amazonsellers #AlphaRepricer #fbaseller #repricing #BuyBox #sellingonamazon #sandiego #California #LosAngeles #socal #ecommerce https://t.co/zHUGXKXFza",1.3113802914584904e+18
19,2020-09-30 19:00:31,shinchaku,【発売日：2020/09/23】週刊少年マガジン 2020年43号[2020年9月23日発売] [雑誌]  https://t.co/Ombr2c27Ff #amazon,1.3113804198337454e+18
20,2020-09-30 19:00:00,BaratoDeVerdad,"🖥️ TIRA tu viejo monitor y HAZTE con este curvo para #gaming

🔹 Panel VA de 27"" a 2.560x1.440
🔹 ¡¡165 Hz!!
🔹 Antiparpadeo
🔹 Ángulo de visión: 178º
🔹 Tiempo de respuesta: 1 ms

🌐 De #MSi

¡A SÓLO 319 💶!

📦 Envío #gratis en #Amazon

PINCHA AQUÍ ➡️ https://t.co/t52LwyQCmB https://t.co/5gdrVDAu7k",1.3113802912363602e+18
21,2020-09-30 19:00:30,shinchaku,【発売日：2020/09/17】炎炎ノ消防隊（２５） (週刊少年マガジンコミックス)  https://t.co/q0AFdu9Dyc #amazon,1.3113804185501696e+18
22,2020-09-30 19:00:15,techde_Germany,-Deal- So sicherst du dir einen 10 Euro-Gutschein für den #Amazon #PrimeDay https://t.co/tJkyKlTXnN,1.311380355887362e+18
23,2020-09-30 19:00:26,shinchaku,【発売日：2020/09/09】異種族レビュアーズ　5 (ドラゴンコミックスエイジ)  https://t.co/OA43UhpyRI #amazon,1.3113804024734925e+18
24,2020-09-30 19:00:21,CallMeMissCarta,Check out my book '16 Isn't Always Sweet' on #BookBuzzr #YA #KimaniTru #MustRead #Nook #Amazon #Kindle #teen - https://t.co/nyidfn6aa6,1.311380379190911e+18
25,2020-09-30 19:00:30,shinchaku,【発売日：2020/09/24】ヤングジャンプ 2020 No.43  https://t.co/A83VcU1tFz #amazon,1.3113804163146506e+18
26,2020-09-30 19:00:14,dealnarwhal,LEGO Star Wars Stormtrooper Helmet 75276 Building Kit $53.49 https://t.co/6gyUubRlo0 at #Amazon https://t.co/Wf0YdDDtqr,1.3113803510932972e+18
27,2020-09-30 19:00:23,musicalbumrevi,"Lil Tecca - Virgo World Music Album Reviews https://t.co/3RoUkx3wnR October 01, 2020 at 12:30AM #Music Album Reviews, Rap #blogger #2k20 #blog #MusicAlbumReviews #amazon",1.31138038698394e+18
28,2020-09-30 19:00:29,shinchaku,【発売日：2020/09/23】鬼灯の冷徹（３１） (モーニングコミックス)  https://t.co/OrwdfdXalO #amazon,1.3113804128166584e+18
29,2020-09-30 19:00:31,shinchaku,【発売日：2020/09/24】アンゴルモア　元寇合戦記　博多編　（３） (角川コミックス・エース)  https://t.co/YLHVRJ7mAO #amazon,1.3113804217630515e+18
30,2020-09-30 19:00:20,shinchaku,【発売日：2020/09/17】半沢直樹　アルルカンと道化師  https://t.co/r2Atd1vzsF #amazon,1.3113803761206845e+18
31,2020-09-30 19:00:02,YabRock,Led Zeppelin I / #LedZeppelin https://t.co/4KWYUxbEfJ #HardRock #HeavyMetal #アマゾン #Amazon #AmazonJP,1.3113803017513042e+18
32,2020-09-30 19:00:23,LorePerry,"This is great neews for our economy!
#latinarecruiterincanada #peopletogo PeopleToGo #amazonjobs #amazon #careersearch #careerseekers #careersincanada #jobseeking #jobseekers #jobsearch Chris Collins @dunky007 Gordon Spearing Gina…https://t.co/q2xmHmdwov https://t.co/HNuNMA1mWT",1.3113803868202312e+18
33,2020-09-30 19:00:29,shinchaku,【発売日：2020/09/17】彼女、お借りします（１７） (週刊少年マガジンコミックス)  https://t.co/9cv7G1OdXY #amazon,1.3113804114031124e+18
34,2020-09-30 19:00:27,yuki_nagase,"【刑事映画】ベスト10
劇場版 MOZU【TBSオンデマンド】
https://t.co/R45NhF9LtR #Amazon",1.3113804039916667e+18
35,2020-09-30 19:00:20,BizNewWest,"Hey #Canada, #Toronto #Montreal #Vancouver #Burnaby, #SurreyBC, #Calgary #Edmonton #Victoria #Ottawa, you're one click away from #Amazon’s deals of the day. https://t.co/oRgtLPYsdS https://t.co/DoxNEqkjKR",1.311380375604736e+18
36,2020-09-30 19:00:11,IolaGoulton,"""Please don’t waste the reviewer’s time by asking them to review something completely inappropriate."" Book Reviewing 101 | How to Ask Bloggers for Book Reviews #BookReviews #Amazon  https://t.co/1mylPpgNz6 https://t.co/gaKfMSYPGl",1.311380339265282e+18
37,2020-09-30 19:00:23,shinchaku,【発売日：2020/09/23】見える子ちゃん　４ (MFC)  https://t.co/YwRjDoXvO0 #amazon,1.31138038965146e+18
38,2020-09-30 19:00:33,shinchaku,【発売日：2020/09/29】あずきのぜんぶ (TJMOOK)  https://t.co/FYiLzBoUx6 #amazon,1.3113804320013476e+18
39,2020-09-30 19:00:07,SmartDNSProxy,"Join the #Halloween season on #Amazon #Prime Video with #SmartDNSProxy and #unblock the October 2020 shows with our #bestDNS. Join us to have access to a vast catalog of movies on #AmazonPrime and have fun #streaming!
https://t.co/vzPToM65zs",1.311380322702033e+18
40,2020-09-30 19:00:32,shinchaku,【発売日：2020/09/23】Myojo (ミョージョー) 2020年11月号 [雑誌] (Myojo(ミョージョー))  https://t.co/und0mVsVP7 #amazon,1.3113804270940652e+18
41,2020-09-30 19:00:32,shinchaku,【発売日：2020/08/28】「会社四季報」業界地図 2021年版  https://t.co/tLBnbA8RVG #amazon,1.3113804246151782e+18
42,2020-09-30 19:00:01,AH0RRAC0M0NUNCA,"🖥️ TIRA tu viejo monitor y HAZTE con este curvo para #gaming

🔹 Panel VA de 27"" a 2.560x1.440
🔹 ¡¡165 Hz!!
🔹 Antiparpadeo
🔹 Ángulo de visión: 178º
🔹 Tiempo de respuesta: 1 ms

🌐 De #MSi

¡A SÓLO 319 💶!

📦 Envío #gratis en #Amazon

PINCHA AQUÍ ➡️ https://t.co/N8MSqmfRHX https://t.co/GUG5L8PZFV",1.3113802979430687e+18
43,2020-09-30 19:00:23,shinchaku,【発売日：2020/09/23】ＧＩＡＮＴ　ＫＩＬＬＩＮＧ（５６） (モーニングコミックス)  https://t.co/PS1gJcDHmN #amazon,1.3113803869879132e+18
44,2020-09-30 19:00:21,shinchaku,【発売日：2020/09/23】マージナル・オペレーション（１５） (アフタヌーンコミックス)  https://t.co/iBK5tIgTsC #amazon,1.311380381262807e+18
45,2020-09-30 19:00:21,shinchaku,【発売日：2020/09/09】進撃の巨人（３２） (週刊少年マガジンコミックス)  https://t.co/2uY7xqcdWY #amazon,1.3113803799751926e+18
46,2020-09-30 18:59:52,PPCEntourage,"Make it a BUNDLE, #AmazonSellers! 🛒 
›› How to protect your listing from competition to get more sales. 

#AmazonAdvertising #AmazonSeller #AmazonFBA #FBAseller #eCommerce #AmazonPPC #SellerCentral #AmazonBusiness #Amazon #Entreprenuers #Entreprenuers https://t.co/CnA66Wg4PD",1.3113802569059328e+18
47,2020-09-30 19:00:01,robertstanek,"#bannedbooksweek When malicious targeting of my books stopped suddenly, I thought someone must have finally caught the Amazon insiders responsible + someone had, the Justice Department 

https://t.co/HMWRuDfqpO

#darngoodreads #freedomtoread #amazon #goodreads #libraryresources https://t.co/lomjhmWFOl",1.3113802942015365e+18
48,2020-09-30 19:00:25,shinchaku,【発売日：2020/09/28】週刊ビッグコミックスピリッツ 2020年44号（2020年9月28日発売） [雑誌]  https://t.co/eWN2CvlQWO #amazon,1.3113803961190318e+18
49,2020-09-30 19:00:28,shinchaku,【発売日：2020/09/25】くま　クマ　熊　ベアー（コミック）５ (PASH! コミックス)  https://t.co/5HC31qubfK #amazon,1.31138040745216e+18
,date,screen_name,tweet,tweet_id
0,2020-09-30 18:49:17,anshulsinghal29,"With the festive season upon us, volumes are expected to hit a peak of 7.5 – 8 million shipments daily.
Read here: https://t.co/wGjlom7pdy #ecommerce #warehousing #SupplyChain #Amazon https://t.co/SCOHeZyvsJ",1.3113775960771092e+18
1,2020-09-30 18:56:33,MwMcER5ErnTZpMu,"正規品欲しさに三軒ハシゴ　疲れた
このお値段で売られてると
正規品がいいの！と言いにくいんだよ
(๑ ˭̴̵̶᷄൧̑ ˭̴̵̶᷅๑)
#誕プレ
#なにがいいと聞くなら
#Amazon
#楽天
#見ないでくれ
#プレゼントは気持ち？
#いや
#プレゼントでしょ
#伊勢丹オンラインで頼むよ https://t.co/fCXzEV17ay",1.311379425351463e+18
2,2020-09-30 18:58:32,NickWrightLaw,"The additional #jobs also come with preparation to expand #Amazon’s physical #footprint. According to Amazon, it has invested more than $11 billion in #Canada since 2010, which includes #infrastructure #development and #employee #compensation.",1.3113799238363054e+18
3,2020-09-30 18:58:32,NickWrightLaw,"#Amazon announced that it is looking to expand its #Canadian presence with 3,500 new #corporate and #tech jobs at its #Vancouver and #Toronto locations (https://t.co/88tMByyodP). Three thousand of the new jobs will be in Vancouver, with 500 in Toronto.",1.311379922741588e+18
4,2020-09-30 18:53:39,jockercyto,La habitación en la que han entrado miles de lectores. Ahora te toca a ti. #Amazon https://t.co/0R9g9ue0DW  #Kindle #KindleUnlimited #Amazon https://t.co/uCnpw1KwjA,1.311378694800388e+18
5,2020-09-30 18:47:44,JofsonGarnett,"get free #CMEs &amp; #rewards points 4 #referrals...get #Amazon gift dollars! The ONLY site that ""pays"" u for CMEs! ==&gt; https://t.co/0tb03JW9eG",1.3113772040440668e+18
6,2020-09-30 18:51:46,trease23,It a beautiful day in the neighborhood #workflow #Amazon #views https://t.co/JgtnbbnCZb,1.3113782200093532e+18
7,2020-09-30 18:50:06,rakten_kaden_,"10/01 03:50

【大人気　注文殺到】【当店人気　国内REFA正規品
【楽天】18960円
【Amazon】18999円

★楽天で購入すると★
 39円 お得（お得率0％）

↓お得な情報を一覧で確認出来るサイト
https://t.co/kMQYxgL6Rh

#楽天市場 #Amazon #お得 #せどり https://t.co/n0zAsnVPjE",1.3113777990562202e+18
8,2020-09-30 18:47:56,creativemm12,"👉https://t.co/aqyd8Cx2D5 #amazon👈
💯👉Auto Follower👈💯
💯👉#自動相互フォロー👈💯

#TeamFollowBack
#NBC #news
#Palantir
#Bad #Bunny #Crocs
#followergenerator
#TeamFollowback
#500ADay
#相互RT
#拡散希望RTお願いします
#followtrick
#bts
#seventeen",1.3113772545558733e+18
9,2020-09-30 18:55:04,RP_Joinery,Some more positive feedback today from our online customers 🙂 they needed a step made to specific sizes https://t.co/koyEjm0wAl #woodenstep #bespokeservice #nationwideshipping #worcester #ebay #amazon #feedback #happycustomers https://t.co/o2kFSkpwjP,1.311379048426279e+18
10,2020-09-30 18:51:12,rainingcali,Love Fantasy &amp; SciFi? #Win a $100 #Amazon #GiftCard in this month's mega #BookBub #Giveaway via @sffbookbonanza: https://t.co/LCqMiYIHvB,1.3113780764758753e+18
11,2020-09-30 18:51:00,Haidji,"Book Quote:""Don't cry before the milk is spilled -..."" Click on  https://t.co/a7aRf9YrrD #vegan #quoteoftheday #quotes #kindleunlimited #bookquotes #read #ebook #ku #paperback #amazon  #inspiration #haidji #goodreads #books #read #reading #bookblogger https://t.co/9rAaIyjgxe",1.3113780258465833e+18
12,2020-09-30 18:50:32,rainingcali,Enter to #Win a #Amazon #GiftCard and Face Mask from @KUAddicts!  https://t.co/OYablHIatg,1.3113779083514266e+18
13,2020-09-30 18:52:14,MaxiChollo,"‍SUPER PRECIO ❗️🔸 #Amazon | #Deportes
📣Casco de Bicicleta con Luz de Seguridad y Visera de Protección

⛔️ PVP: 37,99€ 
 ✅PRECIO OFERTA: 25,99€ 

   ⤵️ Link de compra
   🌐 https://t.co/gqQOxkFVky

Visto en https://t.co/HGTfnxg2wd https://t.co/3JkNh6lMPS",1.3113783370304348e+18
14,2020-09-30 18:50:00,RocketManApp,Have something to say about our #app? 📣 We’re looking for #Vancouver #BritishColumbia #transit users to join our #beta program. Bonus: You’ll get a $25 #Amazon giftcard for giving us feedback. Join now.👩‍💻🧑‍💻https://t.co/vDVLuOXDQ8,1.3113777742303396e+18
15,2020-09-30 18:54:50,XperienceDope,"Blasting Tweet Ft. Missy Elliott - Oops (Oh My) right now on Pretty Dope Xperience Radio aka #BlackPandora

listen now and catch a wave!! https://t.co/VqKFopeoex  #nowplaying #np #RT  #NowStreaming #Streema Download Now #Alexa #GooglePlay #iOSAppStore #Amazon #",1.311378992591704e+18
16,2020-09-30 18:49:35,ofertaschollos,"⚠️⚠️ CHOLLO #Amazon ⚠️⚠️

‼️ Súper precio ‼️

Paraguas de Mano Plegable para Niños de LOL Surprise - Licencia Oficial MGA, Multicolor

💶 Precio: 11,95€

🖇 https://t.co/Es7anAdzFG https://t.co/ScZKFvu7wS",1.3113776693014364e+18
17,2020-09-30 18:47:28,hispachollos,"🌀 find. Zapato de Cordones con Textura en Piel para Hombre, Negro (Black), 44 EU. #Amazon 🇪🇸

💶 Precio oferta: 12,33€ 💥 (PVP normal: 29,51€)

💳 Enlace: https://t.co/oKHSgj31Gg

✨ 30 días gratis de Amazon Music Unlimited : https://amz ...
https://t.co/V1QN4vNcTH
#chollo",1.3113771359621202e+18
18,2020-09-30 18:58:04,LGallmon,#Amazon Fashion's newest service is men's #personal shopping - Business Insider https://t.co/2HKr5mtkEs,1.311379806358057e+18
19,2020-09-30 18:48:40,moniqueonthego,@JeffBezos set this lady straight. @marwilliamson you should open the #Amazon app and use the search bar. That co is bad enough without your help.🤦🏾‍♀️🤦🏽‍♀️👌🏽 https://t.co/GebNkcAi6l,1.3113774383628861e+18
20,2020-09-30 18:52:19,ChollosDescubre,"‍SUPER PRECIO ❗️🔸 #Amazon | #Deportes
📣Casco de Bicicleta con Luz de Seguridad y Visera de Protección

⛔️ PVP: 37,99€ 
 ✅PRECIO OFERTA: 25,99€ 

   ⤵️ Link de compra
   🌐 https://t.co/vQhSAHAcnu

Visto en https://t.co/HW2VwUc9d2 https://t.co/TP9y7MSyWC",1.31137835865208e+18
21,2020-09-30 18:50:31,mjrose44,Enter to #Win a #Amazon #GiftCard and Face Mask from @KUAddicts!  https://t.co/4885ghXiGf,1.311377906480812e+18
22,2020-09-30 18:48:04,INDIEBOOKSOURCE,"BOOKS BY
https://t.co/MioPcqzEH1
AUTHOR P J MANN
#Books #IARTG #Kindle #Amazon #ReadIndie #indieauthors #ian1 #bookboost
  @PjMann2016 #ghosts https://t.co/gKajaISbA7",1.3113772881776353e+18
23,2020-09-30 18:59:22,creativemm12,"#馬油STORE の 大粒 完熟南高梅【上品な甘み 減塩はちみつ 塩分3%】紀州南高梅 高級 梅干し つぶれ梅 低塩 はちみつ味 1kg / 500g×2個 蜂蜜漬け
https://t.co/m4kLBa0Afz
#1000ADay
#온라인셀러
#amazon
#Henrik #Lundqvist
#Fox #News
#拜登",1.311380132720816e+18
24,2020-09-30 18:52:24,SingleForLifey,"Nanny Bananny!

#WritingCommunity
#childrensbooks #Amazon https://t.co/RjkYEhMb1Z",1.3113783779039314e+18
25,2020-09-30 18:52:07,rainingcali,Love Speculative Fiction? #Win a $100 #Amazon #GiftCard in this #Facebook &amp; #Twitter #Giveaway via @sffbookbonanza: https://t.co/vP7WLteQPL,1.311378306134995e+18
26,2020-09-03 18:26:48,LenovoLegion,"Lenovo Legion x @PlayApex
Now is your chance to rise above the rest. 
Unmatched performance, purposeful engineering, modern design.
Gear up with a machine as savage as you are.
Stylish outside.
Savage inside.",1.301587465258578e+18
27,2020-09-30 18:50:36,swisstfrazer,"U.S. tech giants face curbs on data sharing, digital marketplaces, under draft EU rules 

#Alphabet #Google #Facebook #Amazon #Apple 
https://t.co/loDMmu23Ep",1.31137792825344e+18
28,2020-09-30 18:53:26,WolfyLola,"STOP USING #AMAZON. @JeffBezos, liar-in-chief https://t.co/koz88ZNVTA",1.3113786381561692e+18
29,2020-09-30 18:55:00,shadowconn,"The Writing Life

https://t.co/nfbZvFfNNV

#amazon @amazon #fiction #writing",1.311379032181805e+18
30,2020-09-30 18:59:35,kakicchysmusic6,https://t.co/MaMFRamliO: It is Techno Sound? Isn't it? not?: kakicchysmusic: MP3 Downloads https://t.co/PyUn2YWwLh #Amazon #Prime,1.3113801849483715e+18
31,2020-09-30 18:50:18,Vishal_17may,I played this interesting Quiz on Amazon https://t.co/jTbHAkMFFf #Amazon #AmazonQuiz,1.3113778486664765e+18
32,2020-09-30 18:55:58,labs_news,"'@amazon launches a new contactless payment system: Amazon One. According to Amazon, the palm recognition is designed to be highly secure as it uses custom-built algorithms: https://t.co/p0f9I5vVVZ

#Amazon #technology #payments #retail",1.3113792750194156e+18
33,2020-09-30 18:52:09,CholloLinkES,"‍SUPER PRECIO ❗️🔸 #Amazon | #Deportes
📣Casco de Bicicleta con Luz de Seguridad y Visera de Protección

⛔️ PVP: 37,99€ 
 ✅PRECIO OFERTA: 25,99€ 

   ⤵️ Link de compra
   🌐 https://t.co/WuHyoSPu2J

Visto en https://t.co/JpQzg3pNYP https://t.co/n1iaq0xpLQ",1.3113783147502428e+18
34,2020-09-30 18:56:20,RoMemoria,"¡Viaja al centro de la emoción! Te invito a #LamejorLectura POESÍA REUNIDA (1970-2015) Toda la #Poesía de Juan Sevillano, @RoMemoria  Ahora disponible en #Amazon 
#PAPEL : https://t.co/3en3y3Z2IW  ; 
#Kindle : https://t.co/p36R1W0Swv https://t.co/9TCvV6X6Pa",1.31137936936192e+18
35,2020-09-30 18:56:26,AswathiThaara,https://t.co/eSSTEftCae #Amazon  #Biometrics #payments,1.311379393139241e+18
36,2020-09-30 18:49:48,DealHunters3,"Godrej Protekt Masterchef’s Germ Protection Liquid Handwash Refill, 1500ml 35% Off ₹143
https://t.co/iBNTyuVKbf

#Amazon #Godrej #Handwashing #Refill #Deals #DealHunters https://t.co/b3xHH8NUEy",1.3113777239530127e+18
37,2020-09-30 18:50:43,udit0201,"@AmazonHelp This does not help at all...!! You are not answering my question. Why the Product is not available in prime User's app..!! I will bloody  hell pay the  Delivery..!! It's  cheaper that ways..!! It's  only Rs.176 not Rs.199..!! 
#Amazon #Scam..!!",1.3113779570137088e+18
38,2020-09-30 18:48:34,ykswld,おたふく手袋 ボディータフネス 冷感・消...今売れています！https://t.co/THX9ODGMeU #follow #sougo #Amazon #アマゾン,1.3113774160997048e+18
39,2020-09-30 18:54:15,LatinaR2,"#Amazon deal: #ad 
60% OFF with Code,
ONLY：$5.99
Original price:$14.98
Code: 50LMUZOY
Start Date : Sept, 28
End Date: Oct, 10 for Boys Girls Age 3-15 Anti Glare &amp; Eyestrain &amp; Blu-ray Filter (Pink) by livho https://t.co/XnCBZ0oVEG #Kids #parenting #qpon #deal #deals",1.3113788436772168e+18
40,2020-09-30 18:47:54,blogosum,"#Books to cut the #road: Notes from a Small Island by Bill Bryson

 https://t.co/HfYE3BT4QG

 #amazon #amazondeals #deals #travel #goodbook #reading #story #book #readbooks #favoritebooks #motivation #inspiration https://t.co/Hp6qxYqopJ",1.3113772452027187e+18
41,2020-09-30 18:59:45,Kamlesh34345955,#AmazonGreatIndianFestival #AmazonPrimeDay #AmazonSpinandWin #Amazon I played this interesting Guess and Win on Amazon-Try your luck for a chance to win exciting rewards. https://t.co/3W6fueVAaC,1.311380228871086e+18
42,2020-09-30 18:59:00,Haidji,"Book Quote: ""Sometimes she liked to be a little bit..."" Click on  https://t.co/dtJDiKqYaD #crazy #mad #quoteoftheday #quotes #kindleunlimited #amazon  #inspiration #haidji   #goodreads #books #read #reading #bookblogger https://t.co/JGpGqszr48",1.3113800391627162e+18
43,2020-09-30 18:55:06,rakten_kaden_,"10/01 03:55

(アウトレット)パナソニック コードレススティック
【楽天】29480円
【Amazon】31800円

★楽天で購入すると★
 2320円 お得（お得率8％）

↓お得な情報を一覧で確認出来るサイト
https://t.co/kMQYxgL6Rh

#楽天市場 #Amazon #お得 #せどり https://t.co/rsay3YIH0B",1.311379059155202e+18
44,2020-09-30 18:52:01,anibal0,I'm in the running to win $25 PayPal cash or a $25 Amazon giftcard! #giveaway #win #sweepstakes #amazon #paypal #giftcard #contest https://t.co/aAbM6Tyk7D,1.3113782833600635e+18
45,2020-09-30 18:51:00,robertstanek,"Discover William Robert Stanek today! Books for all ages. Bugville, Ruin Mist, After the Machines.

#amwriting #amblogging #epicfantasy #amazon #microsoft #amlibraries #alalibrary #nypl #libraryjournal #overdrive https://t.co/RXDbKDDr6g",1.3113780258886e+18
46,2020-09-30 18:48:49,dawidq1,"Last Chance! Would you like to win a $50 Amazon Gift Card or PayPal Deposit? Check out this easy entry Gleam giveaway for a chance to #WIN

Open Worldwide

@GooseGiveaways #wingiftcard #wincash #amazon #paypal #winmoney #sweepstakes #giveaways https://t.co/ccSr9Jm6lr",1.3113774759984865e+18
47,2020-09-30 18:58:42,rainingcali,#Win an #Amazon Gift Card in our #Twitch #Games #Giveaway via @sffbookbonanza: https://t.co/bdTMQPzoks,1.3113799639169475e+18
48,2020-09-30 18:50:14,jgaylord,"#PrimeDay is on a #Prime numbered day of the month. I see what they did there. Check out the running list of deals and a link to new Amazon products on my post. 

#deal #amazon #shopping #deals #alexa #amazondeals https://t.co/HXFzQ1HIqT",1.3113778328247706e+18
49,2020-09-30 18:47:32,udit0201,"This delivery for Non Prime will make sometimes the products cheaper or costlier than Prime user. Mostly  Costlier. So what's the benefits of Prime..!!
ZERO
NO FAST DELIVERY 
HIGH PRICES 
EXTRA COMMISSION 
EXTRA MARGIN
#LOOT #SCAM = #AMAZON",1.3113771562665492e+18
,date,screen_name,tweet,tweet_id
0,2020-09-30 18:47:15,DianaTurrieta,"Last Chance! Would you like to win a $50 Amazon Gift Card or PayPal Deposit? Check out this easy entry Gleam giveaway for a chance to #WIN

Open Worldwide

@GooseGiveaways #wingiftcard #wincash #amazon #paypal #winmoney #sweepstakes #giveaways https://t.co/MT1qeyf7T6",1.3113770843930296e+18
1,2020-09-30 18:40:37,caro_milanesi,Both #Amazon and #Google had an awfully fast pace for their events. I get being concise but I did not even have time to take screenshots properly,1.3113754158529126e+18
2,2020-09-30 18:39:41,jockercyto,"BERENICE, la chica de guantes negros.
Ella buscaba el amor… A cualquier precio.
https://t.co/zCsMgEJgyw

#Amazon #KindleUnlimited https://t.co/Gi3X0PYCjh",1.3113751806949827e+18
3,2020-09-30 18:46:02,FreeDealSteals,"Echo Dot (3rd Gen) - Smart speaker w/ Alexa
#AD #Amazon #PrimeExclusive 
List Price $49.99
With Deal: $39.99
**Prime members get 2 for $39.98. 
Enter code DOTPRIME2PK at checkout. 
Terms and conditions
https://t.co/Qs3sGAQySz",1.3113767766067364e+18
4,2020-09-30 18:46:54,reinadellowcost,"🌟 [𝗟𝗮 𝗿𝗲𝗶𝗻𝗮 𝗱𝗲𝗹 𝗟𝗼𝘄𝗰𝗼𝘀𝘁] 🌟

🔊 Pie de Rey, Tacklife DC02 Calibre Digital 150mm/6Pulgadas de Acero Inoxidable con Gran Pantalla #amazon

🌍 Enlace: https://t.co/33o029hg1j

Te esperamos en telegram: https://t.co/Jxndx9pJCJ https://t.co/4CdQLtERAu",1.311376993724838e+18
5,2020-09-30 18:40:13,BiggDeals4U,"#Amazon Pay Merchants Cashback Offers Exclusively for #Prime members

Link : https://t.co/80Ax2yKHEz",1.311375311976579e+18
6,2020-09-30 18:46:53,OnlyGearBest,"🌟 [𝗢𝗻𝗹𝘆 𝗚𝗲𝗮𝗿𝗯𝗲𝘀𝘁] 🌟

🔊 Pie de Rey, Tacklife DC02 Calibre Digital 150mm/6Pulgadas de Acero Inoxidable con Gran Pantalla #amazon

🌍 Enlace: https://t.co/vlbO0XpSn4

Te esperamos en telegram: https://t.co/mPaN5u2fFj https://t.co/cmqJ4cMnb9",1.3113769895430717e+18
7,2020-09-30 18:43:15,Mugicha0620,"final (ファイナル) E500 カナル型 イヤホン【 VR バイノーラル ASMR 推奨】 https://t.co/ubt4d4hBoc #Amazon
今回のASMRで興味持ったなら買っても損は無いと思う",1.311376078426919e+18
8,2020-09-30 18:43:30,BiggDeals4U,"#Amazon- Super Value Days + Mega Grocery Sale (Both Live)

Bank Offer : 5% Instant off with ICICI Cards till 4th Oct

Amazon Pay offer : Flat Rs.200 Back on Min Rs.2000 Order till 7th Oct

Link : https://t.co/p1BL76hGW4",1.311376140963963e+18
9,2020-09-30 18:44:45,ChollosDescubre,"‍SUPER OFERTA ❗️🔸 #Amazon | #Instrumentos
📣Amplificador de Voz, Sistema de PA Recargable de 12 Vatios (1200 mAh) con Micrófono con Cable

⛔️ PVP: 25,15€ 
 ✅PRECIO OFERTA: 19,70€ 

   ⤵️ Link de compra
   🌐 https://t.co/PYuGEtez6F

Visto en https://t.co/HW2VwUc9d2 https://t.co/8PWS3vRjC7",1.3113764557717504e+18
10,2020-09-30 18:45:18,XperienceDope,"Blasting One Way - Cutie Pie right now on Pretty Dope Xperience Radio aka #BlackPandora

listen now and catch a wave!! https://t.co/VqKFopeoex  #nowplaying #np #RT  #NowStreaming #Streema Download Now #Alexa #GooglePlay #iOSAppStore #Amazon #",1.3113765910129787e+18
11,2020-09-30 18:43:01,ChollazosChina,"🎧Logitech G733 Auriculares inalámbricos #Amazon

➡️Tiene un sonido 7.1 DTS, 29 horas de autonomía y un radio de acción de 20 metros. Pesan 278 gramos y tienen luces RGB configurables.

✅OFERTA: 103€ ❌Habitual: +150€
📦Enlace:  https://t.co/7mOC5dFGy7",1.3113760159277834e+18
12,2020-09-30 18:46:43,Rubash392,https://t.co/HepJbbgBBI #packagingdesign #labeldesign #privatelabelsupplements #fiverr #newtofiverr #bottlelabels #productpackaging #product #logomaker #hempoil #cbdoil  #fiverr #amazon #amazonproduct #amazonproductdesign #cosmeticpackaging #seller #bottlelabel #america #usa,1.311376950309552e+18
13,2020-09-30 18:47:16,Ayomide95215473,"Promote your affiliate link to get more sales and Commissions. 
https://t.co/ktsJubrS9e
#affiliate #affiliatemarketing #marketing #amazon #affiliates #money #sale",1.3113770869473935e+18
14,2020-09-30 18:44:57,creativemm12,"👉https://t.co/lMSNzvvrzi #amazon👈
💯👉Auto Follower👈💯
💯👉#自動相互フォロー👈💯

#followergenerator
#Donald #Trump #Jr
#Henrik #Lundqvist
#Equity
#followtrick
#相互RT
#TFW
#500ADay
#相互リツイート
#f4f
#followermachine
#固定RT",1.3113765025968906e+18
15,2020-09-30 18:44:39,Vishal_17may,I played this interesting Guess and Win on Amazon https://t.co/R72ZZRKW02 #Amazon,1.311376427971797e+18
16,2020-09-30 18:46:10,comdigitalhoy,#Amazon Presenta los Nuevos Dispositivos Echo https://t.co/Ua0aRlvxZb,1.3113768125938647e+18
17,2020-09-30 18:39:30,BiggDeals4U,"Upto 90% Off On #Amazon brand Clothing

Link : https://t.co/lcwLvgGSk1",1.3113751335005676e+18
18,2020-09-30 18:46:20,DesignAlluring,"Hang tag design. contact us for an order.
https://t.co/LeR85mMKeQ

#hangtag #labelbaju #hangtagmurah #label #labelhijab #pricetag #labelmurah #hangtagbaju #ILOVEYOU #BROCHURE #ShehnaazGill #cryptocurrency #Amazon #DeFi #1MPostsForSidShuklaOnIG #ILANDTheFinale https://t.co/vb0Z4rQof5",1.3113768532197663e+18
19,2020-09-30 18:41:38,XperienceDope,"Blasting Ciara - Love Sex Magic featuring Justin Timberlake right now on Pretty Dope Xperience Radio aka #BlackPandora

listen now and catch a wave!! https://t.co/VqKFopeoex  #nowplaying #np #RT  #NowStreaming #Streema Download Now #Alexa #GooglePlay #iOSAppStore #Amazon #",1.3113756691846554e+18
20,2020-09-30 18:45:19,CholloLinkES,"‍SUPER OFERTA ❗️🔸 #Amazon | #Instrumentos
📣Amplificador de Voz, Sistema de PA Recargable de 12 Vatios (1200 mAh) con Micrófono con Cable

⛔️ PVP: 25,15€ 
 ✅PRECIO OFERTA: 19,70€ 

   ⤵️ Link de compra
   🌐 https://t.co/UMGW7Bk45n

Visto en https://t.co/JpQzg3pNYP https://t.co/L76FAqNdP2",1.3113765967088435e+18
21,2020-09-30 18:45:30,JoelPintoRomero,"¿Quieres aprender a #vender y no sabes por dónde empezar? Mi libro ""¿Vendedor?¿Yo? - Manual de #Ventas para #Emprendedores"" puede ser un excelente punto de entrada. Lenguaje sencillo. Temas vigentes. Recomendado 100%. Está en #amazon. Sólo €9,95 https://t.co/JLMCEvlyO4 https://t.co/yLcuqHyEoP",1.3113766441590047e+18
22,2020-09-30 18:39:36,hispachollos,"🌀 iLight - Nueva Pizarra Infantil Mágica de Dibujo con Luz - Juego de Pintar para Niños Niñas de 3 a 9 años Fomenta la Creatividad - Incluye Tablero   1 Bolígrafo de Luz   2 Plantillas [Tamaño A3]. #Amazon 🇪🇸

💶 Precio oferta: 14,99 ...
https://t.co/G3gBfDhhsN
#chollo",1.311375158154756e+18
23,2020-09-30 18:40:00,Haidji,"Book Quote:""You can't stand up while you're still falling."" Click on  https://t.co/eo5QtWZFfC #wearamask #quoteoftheday #quotes #kindleunlimited #amazon  #inspiration #haidji   #goodreads #books #read #reading #bookblogger https://t.co/5KEmUxiuam",1.3113752578574377e+18
24,2020-09-30 18:44:00,Haidji,"Book Quote: ""He was a lawyer and he knew that..."" Click on  https://t.co/yavT1TU4Xi #lawyer #quoteoftheday #quotes #kindleunlimited #amazon  #inspiration #haidji   #goodreads #books #read #reading #bookblogger https://t.co/XYOOTLZgSp",1.3113762644318945e+18
25,2020-09-30 18:46:55,MenudoPaquete,"🌟 [𝗠𝗲𝗻𝘂𝗱𝗼 𝗣𝗮𝗾𝘂𝗲𝘁𝗲] 🌟

🔊 Pie de Rey, Tacklife DC02 Calibre Digital 150mm/6Pulgadas de Acero Inoxidable con Gran Pantalla #amazon

🌍 Enlace: https://t.co/ueyfNGF2Ga

Te esperamos en telegram: https://t.co/IbEojfZpa4 https://t.co/BTFwv5EGZ6",1.311376997730394e+18
26,2020-09-30 18:44:11,DealHunters3,"Puma and Reebok Sandals upto 81% Off from ₹446
https://t.co/qGfvdAe8lx

#Amazon #Prime #Puma #Reebok #Sandals #Footwear #Deals #DealHunters https://t.co/SMSO5Hnaoh",1.3113763109591736e+18
27,2020-09-30 18:46:26,Charlie_Cawood,"Slaves - Chokehold #bigtimeradio https://t.co/N76xPoatRr @Charlie_Cawood @BigTimeRadio1 @bigtime_news
 on #Amazon Echo &amp; App https://t.co/c7cZfm4MQo  #Top40 #Music 247 #Worldwide 3 #Radio #Stations 43 #Countries #Interviews #Billboard https://t.co/JiPHr6jZyC  #SUBMI",1.311376878071173e+18
28,2020-09-30 18:43:53,SingleForLifey,Met*a*mor*pho*sis: Poetry Book #poetry  #amazon #books https://t.co/oJc1SZzaFQ,1.3113762372108657e+18
29,2020-09-30 18:45:42,DeniseSanger,This is so cool!  It's even more beautiful in person. What a beautiful way to keep the beach close to your heart. Get it via amazon affiliate link here: https://t.co/KCsijXaHbQ #amazon #ad,1.311376691810513e+18
30,2020-09-30 18:40:04,lootupdates4u,"Polo T-shirt  197 rs

Size : L

https://t.co/fX2JFZwCga

83% Off Inkast Clothing

https://t.co/LA6hZuT7a8 https://t.co/3EyCiXoHgT and stock are subject to change #amazon #dealoftheday #flipkart #loot #coronavirus",1.3113752761699246e+18
31,2020-09-30 18:47:15,Rubash392,https://t.co/HepJbbgBBI #packagingdesign #labeldesign #privatelabelsupplements #fiverr #newtofiverr #bottlelabels #productpackaging #product #logomaker #hempoil #cbdoil  #fiverr #amazon #amazonproduct #amazonproductdesign #cosmeticpackaging #seller #bottlelabel #america,1.311377081209688e+18
32,2020-09-30 18:42:00,Cashcache3,"Faites des #sondages, des #concours, des #Tests et gagnez un peu d'#argent de poche avec Ba-Click

Possibilité d'échanger vos coins en carte #Steam ,#amazon ,#Origin, #zalando, #LeagueOfLegends, #dofus, virement #paypal entre autres
#giveaway

Inscription=&gt;https://t.co/aaAqzXiXcP https://t.co/7xKdPrMDBy",1.3113757618954568e+18
33,2020-09-30 18:42:21,BiggDeals4U,"#Amazon brand - Solimo No Sugar Muesli, 1kg at Rs.350 only

Link : https://t.co/UL1vcriENM",1.31137585019802e+18
34,2020-09-30 18:42:12,TshirtD42700357,"I will #create awesome #watercolor #tshirt #design please visit my profile- https://t.co/NPSOE374IA

Looking #Watercolor #Tshirts design for #Amazon #Shopify #Teespring #Viralstyle #GearLaunch #Redbubble #RedBubbleDesigns?
#tshirtdesign #fashion #streetwear #seattle https://t.co/8adOiyGyrm",1.311375814311592e+18
35,2020-09-30 18:39:58,katrinadehart,Don’t Miss This #AWESOME #GIVEAWAY! #Amazon #Kindle #FREEBOOKS https://t.co/KiYWijyQ2H,1.311375250219729e+18
36,2020-09-30 18:45:10,karenanovak925,"@KA_Raines Hi K.A. , happy Wednesday to you as well. Here is my #fantasy / #adventure #novel available on #Amazon.  Free with #KindleUnlimited. 

A journey to restore a sunken island with the aid of a magical lantern.

https://t.co/XclApArYK0",1.3113765568671785e+18
37,2020-09-30 18:44:27,BiggDeals4U,"#Amazon WOW Salary Days (1 - 5 October) + 10% instant discount on HSBC Credit Card &amp; Credit EMI Transactions  

Link : https://t.co/pdICOG4rne",1.3113763768725955e+18
38,2020-09-30 18:40:05,rakten_kaden_,"10/01 03:40

SHARP FU-J50 ホワイト系 [空気清浄機
【楽天】18580円
【Amazon】19700円

★楽天で購入すると★
 1120円 お得（お得率6％）

↓お得な情報を一覧で確認出来るサイト
https://t.co/kMQYxgL6Rh

#楽天市場 #Amazon #お得 #せどり https://t.co/fCzdVadm5i",1.311375279412007e+18
39,2020-09-30 18:46:09,HonestLiarSan,紅一点論―アニメ・特撮・伝記のヒロイン像 (ちくま文庫) https://t.co/YDdj5nY7eC #Amazon,1.3113768043099873e+18
40,2020-09-30 18:45:53,SingleForLifey,"Herbaceous the Boy Made of Cheese: The Love Robots
Find more of these in the series! 
#childrensbooks  #amazon #books #kids https://t.co/GKnOHfBJDR",1.3113767381533123e+18
41,2020-09-30 18:45:10,MaxiChollo,"‍SUPER OFERTA ❗️🔸 #Amazon | #Instrumentos
📣Amplificador de Voz, Sistema de PA Recargable de 12 Vatios (1200 mAh) con Micrófono con Cable

⛔️ PVP: 25,15€ 
 ✅PRECIO OFERTA: 19,70€ 

   ⤵️ Link de compra
   🌐 https://t.co/kAVgMEmn5Z

Visto en https://t.co/HGTfnxg2wd https://t.co/yRcMzw0GmS",1.3113765600422666e+18
42,2020-09-30 18:39:36,justtoysllc,"We had the privilege of having our Kirby plush &amp; backpack hangers featured in the Nintendo World Report today. Kirby is a special license for us. Thanks for the positive feedback Nintendo!

#kirby #nintendo #toys #plush #collectibles #justtoysintl #amazon

https://t.co/P4E0cOARgu",1.3113751563931484e+18
43,2020-09-30 18:45:00,TshirtPainter,#Christian Bible Verse Shirts #Amazon Prime from TheTshirtPainter https://t.co/iw10wqT9LI  https://t.co/8goCGqyrCR,1.31137651627887e+18
44,2020-09-30 18:46:11,ChollazosChina,"🥾 Salomon Speedcross 4 W #Amazon

➡️Zapatillas de Trail Running. En teoria es el modelo de mujer pero hay números hasta el 45 y son perfectamente unisex según los comentarios.

📏  Todos los números‼️

✅OFERTA: 65,95€ ❌Habitual: 119,95€
📦Enlace: https://t.co/xdVvydzCw2",1.3113768160247562e+18
45,2020-09-30 18:42:03,chollosyoferta,"#Chollo #Amazon 46% DESCUENTO Salomon Speedcross 4 W, Zapatillas de Trail Running para Mujer, Negro (Black/Black/Black Metallic), 40 EU

Precio original: 119,95
Precio oferta: 65,95
Reacondicionado: 64,63

    👇👇👇👇👇👇👇
👉 https://t.co/mrJjBOL6j2 https://t.co/Bq70TEujxE",1.3113757754472202e+18
46,2020-09-30 18:40:06,TomatazosCom,"#Tomatiofertas 🍅

La #BlackSeries de #TheMandalorian sigue disponible en preventa. 😱
Hay figuras de #Mando, #CaraDun, #IG11 y más😍 

Disponibles por $659.00 MXN. 📦 Envío GRATIS. 📅 Llegan el 1 de diciembre. Con #Amazon pagas hasta que se te envía. Les dejamos en el hilo ⬇ https://t.co/tbrMkAFxVO",1.3113752855568302e+18
47,2020-09-30 18:45:05,rakten_kaden_,"10/01 03:45

《レビュー書いて洗濯ネットプレゼント★》洗濯機 5
【楽天】20980円
【Amazon】22500円

★楽天で購入すると★
 1520円 お得（お得率7％）

↓お得な情報を一覧で確認出来るサイト
https://t.co/kMQYxgL6Rh

#楽天市場 #Amazon #お得 #せどり https://t.co/1fh6MyE1c5",1.3113765391711846e+18
48,2020-09-30 18:46:54,Penelopemorcil1,"GROWING LIKE CRAZY? Make sure you have the right foundation with Shake Before Use.

==

#ShakeBeforeUse (Blue BOOK)
#PenelopeMorcillo On #AMAZON 
Artwork By #RufinaSantana 
#Copyrighted #Booklaunch #Empowerment #FindYourVoice #POCmethod #DIY #Business #Success https://t.co/FxXa4TBC0S",1.3113769966693048e+18
49,2020-09-30 18:45:48,Tutechmx,"Muy pronto @amazon sacará su propio servicio en la nube de videojuegos, muy parecido a lo que vemos con Xbox con xCloud. Nota completa en sitió web, link en bio. #lunaamazon #gamer #gaming #tutech #amazon https://t.co/pGChrMlY7O",1.3113767198073528e+18
,date,screen_name,tweet,tweet_id
0,2020-09-30 18:38:14,creativemm12,"&lt;Current Weather&gt;
San Francisco
Temperature: 67.77°F/ Status: haze
👉https://t.co/zMfB6im5G5 #amazon👈
💯👉Auto Follower👈💯
💯👉#自動相互フォロー👈💯

#拡散希望RTお願いします
#Disney
#Palantir
#Bad #Bunny #Crocs
#followtrick
#TFB
#TeamFollowback
#固定ツ",1.3113748132193198e+18
1,2020-09-30 18:34:53,paulanthonyspen,"#amazon #kindle #books
#fiction #truecrime #biography 
#MysteryforYou #thriller

https://t.co/m8DuF6uXXe https://t.co/2iG3uX4tTp",1.311373971351384e+18
2,2020-09-30 18:35:22,kana_ogawa,"【ヤクザ映画】ベスト10
首領の女
https://t.co/eUReRVjexr #Amazon",1.3113740906204652e+18
3,2020-09-30 18:33:38,carlinchi82,"ENVÍO DESDE ESPAÑA❗️🔸#Amazon
📣 Proyector, TOPTRO 7000 Lúmenes Proyector Full HD 1080P

⛔️ PVP: 259,99€
✅ PRECIO OFERTA: 149,99€
✂️ CUPÓN: TOPTROTR80

⤵️ Link de compra
🌐 https://t.co/UtYFGmpAz9 https://t.co/6pNdhGJFJH",1.3113736558683996e+18
4,2020-09-30 18:37:37,XperienceDope,"Blasting https://t.co/KwvjUkr04D - All the top artists! right now on Pretty Dope Xperience Radio aka #BlackPandora

listen now and catch a wave!! https://t.co/VqKFopeoex  #nowplaying #np #RT  #NowStreaming #Streema Download Now #Alexa #GooglePlay #iOSAppStore #Amazon #",1.3113746579169894e+18
5,2020-09-30 18:33:23,HonestLiarSan,戦う姫、働く少女 (POSSE叢書 Vol.3) https://t.co/mmYCfyOyip #Amazon,1.3113735925636465e+18
6,2020-09-30 18:33:02,paulanthonyspen,"#amazon #kindle #books
#fiction #truecrime #biography 
#nonfiction
#readers #Bestseller 

https://t.co/m8DuF6uXXe https://t.co/6iSjeZuFKr",1.3113735042107023e+18
7,2020-09-30 18:37:41,MusicOTFuture,"#INTERNATIONALPODCASTDAY 
CHECK OUT @ReppinPodcast  @TheTableWomen #PRETTYDEPRESSED BY @kimcrossman AND @lisadanaemusic CHECK THEM ALL OUT ON ALL THE PLATFORMS!! #SPOTIFY #AMAZON #STITCHER #APPLE",1.3113746754742968e+18
8,2020-09-30 18:34:00,robertstanek,"Celebrate William Robert Stanek with us!

40 years of writing!
35 years of books
25 years of publishing

#bannedbooksweek #darngoodreads #freedomtoread #amwriting #amblogging
#amazon #goodreads #bnscifi #libraryresources #business https://t.co/dKB5OY7ion",1.3113737476396483e+18
9,2020-09-30 18:36:23,ChollosDescubre,"‍BAJADA DE PRECIO ❗️🔸 #Amazon | #Hogar
📣Russell Hobbs 27020-56 Mini olla arrocera de 0,4 litros, cuenco antiadherente extraíble para mantener el calor

⛔️PVP: 24,99€ 
✅PRECIO OFERTA: 20,00€

   ⤵️ Link de compra
   🌐 https://t.co/8zatQPxbXN

Visto en https://t.co/HW2VwUc9d2 https://t.co/VtfBzRXlep",1.3113743489184195e+18
10,2020-09-30 18:35:11,kana_ogawa,"【ヤクザ映画】ベスト10
組長への道　獅子の野望
https://t.co/YSkOWoWlAO #Amazon",1.3113740460853535e+18
11,2020-09-30 18:33:28,TshirtD42700357,"I will #create awesome #watercolor #tshirt #design please visit my profile- https://t.co/NPSOE374IA

Looking #Watercolor #Tshirts design for #Amazon #Shopify #Teespring #Viralstyle #GearLaunch #Redbubble #RedBubbleDesigns?
#tshirtdesign #fashion #streetwear #seattle https://t.co/6Ah3XNChHj",1.3113736133253816e+18
12,2020-09-30 18:35:35,yukinkos,"明日炊き立てのご飯と頂きます🤗

Kaviar aus Pollackrogen 5x100g https://t.co/p4QnpmNzUB #Amazon",1.311374147671462e+18
13,2020-09-30 18:33:25,B1GTEN01,"@garrettcesander @marcusvfvmelo @KassyDillon Wrong! The #LungsOfTheEarth is a translation, but the #Amazon produces only net 6-9% of world’s #oxygen because it consumes a lot.

50% of the world’s oxygen comes from the #ocean

https://t.co/THEYRDNVQh",1.311373602600751e+18
14,2020-09-30 18:35:06,kana_ogawa,"【ヤクザ映画】ベスト10
やくざ抗争史　猛友会　西成愚連隊　完結篇　見果てぬ夢が覚める時
https://t.co/dYTn2E384E #Amazon",1.3113740242245632e+18
15,2020-09-30 18:35:11,CoolDealCA,"Highly Rated Wireless Earbuds for $19!!

*Nice backup pair

#freebies #deals #deal #moneysaver #greatdeal #steals #discount #sale #bargain #bargainhunter #bargainshopper #cheap #bestprice #Amazon  #Deals #giveaway #Deal #ganga

 https://t.co/0RX6VUo0tT https://t.co/MifjMuZOxc",1.311374047092134e+18
16,2020-09-30 18:33:36,CPBD_LA,"If you are concerned about the destruction of the #Amazon forest &amp; state of things in #Brazil, consider donating to our campaign #BrazilSolidarity. Civil society is acting to protect the forest &amp; its people, especially now w #covid19. 
+ info: https://t.co/30HQNgyi0Q
@FIBRA2018 https://t.co/NDa1wwYJVc",1.3113736477606502e+18
17,2020-11-25 13:14:45,AnkerOfficial,"Anker Nano has been upgraded to 20W!
The new and improved Anker Nano can now charge your new iPhone up to 3× faster.",1.3315871256245453e+18
18,2020-09-30 18:35:00,kana_ogawa,"【ヤクザ映画】ベスト10
首都抗争
https://t.co/kHfjtup38Q #Amazon",1.3113740019067003e+18
19,2020-09-30 18:37:09,ajay870612,Thanks #Amazon. #AmazonSpinandWin https://t.co/MuW3mIcc0g,1.3113745395241984e+18
20,2020-09-30 18:36:27,CholloLinkES,"‍BAJADA DE PRECIO ❗️🔸 #Amazon | #Hogar
📣Russell Hobbs 27020-56 Mini olla arrocera de 0,4 litros, cuenco antiadherente extraíble para mantener el calor

⛔️PVP: 24,99€ 
✅PRECIO OFERTA: 20,00€

   ⤵️ Link de compra
   🌐 https://t.co/iuOVRckEo3

Visto en https://t.co/JpQzg3pNYP https://t.co/9zUY7ocknb",1.3113743655781908e+18
21,2020-09-30 18:34:18,HemruchiB,#amazon #amazonspinandwin #hemruchi https://t.co/jbAEoI0zty,1.3113738223401165e+18
22,2020-09-30 18:35:27,kana_ogawa,"【ヤクザ映画】ベスト10
狂犬と呼ばれた男たち　大阪ヤクザ戦争
https://t.co/UdIWWTANUu #Amazon",1.3113741125901476e+18
23,2020-09-30 18:37:16,MrHestford,What parents &amp; carers need to know about...AMAZON ALEXA #WAKEUPWEDNESDAY #Amazon https://t.co/vD0SVAxmJX,1.3113745700337623e+18
24,2020-09-30 18:36:31,MaxiChollo,"‍BAJADA DE PRECIO ❗️🔸 #Amazon | #Hogar
📣Russell Hobbs 27020-56 Mini olla arrocera de 0,4 litros, cuenco antiadherente extraíble para mantener el calor

⛔️PVP: 24,99€ 
✅PRECIO OFERTA: 20,00€

   ⤵️ Link de compra
   🌐 https://t.co/jIKrRSrqG5

Visto en https://t.co/HGTfnxg2wd https://t.co/zYMJ7k0YE0",1.3113743841421312e+18
25,2020-09-30 18:35:37,kana_ogawa,"【ヤクザ映画】ベスト10
CONFLICT 最大の抗争 第七章
https://t.co/3ycWrVRWhj #Amazon",1.311374156357755e+18
26,2020-09-30 18:36:58,yukinkos,"こっちも買ったから味比べできる🤤

KAVIAR AUS DORSCHROGEN 5x100g https://t.co/pF24nKGvYq #Amazon",1.311374496373371e+18
27,2020-09-30 18:35:12,CoolDealCA,"2 Pack Premium Plush Pillow for $19.99!! 

#freebies #deals #deal #moneysaver #greatdeal #steals #discount #sale #bargain #bargainhunter #cheap #bestprice #Amazon  #Deals #giveaway #Deal #ganga

 https://t.co/XltZOqVQf6 https://t.co/1QkYifGLE7",1.3113740497722737e+18
28,2020-09-30 18:33:36,zocoregalos,"ENVÍO DESDE ESPAÑA❗️🔸#Amazon
📣 Proyector, TOPTRO 7000 Lúmenes Proyector Full HD 1080P

⛔️ PVP: 259,99€
✅ PRECIO OFERTA: 149,99€
✂️ CUPÓN: TOPTROTR80

⤵️ Link de compra
🌐 https://t.co/SSEi1Q2wPD https://t.co/duVXmKESOQ",1.311373649916633e+18
29,2020-09-30 18:33:03,sumi_barman,@AmazonHelp Liars you stole my money #Amazon cheats on customers,1.3113735085391176e+18
30,2020-09-30 18:35:16,kana_ogawa,"【ヤクザ映画】ベスト10
実録・大阪やくざ戦争 報復
https://t.co/aW8e2J6PM7 #Amazon",1.3113740683402854e+18
31,2020-09-30 18:33:37,cholloaliexpres,"ENVÍO DESDE ESPAÑA❗️🔸#Amazon
📣 Proyector, TOPTRO 7000 Lúmenes Proyector Full HD 1080P

⛔️ PVP: 259,99€
✅ PRECIO OFERTA: 149,99€
✂️ CUPÓN: TOPTROTR80

⤵️ Link de compra
🌐 https://t.co/ivDNWqRkQL https://t.co/NiwbceLV4w",1.3113736528862577e+18
32,2020-09-30 18:38:40,RiderOfKarma,"""You cannot stop police from accessing your Ring camera data, even if you opt out. #Amazon and #Ring do not disclose the full nature of their partnership with police departments and Amazon has no access control over how police use the footage.""
https://t.co/0bf6vumLS6",1.3113749233535345e+18
33,2020-09-30 18:38:50,SmilesSpa,"📣 Great News! We are getting our storefront ready for #PrimeDay
Be sure to #AddToCart #Amazon #AmazonPrime2020
https://t.co/ek2svKlt8R https://t.co/aad5OlUruT",1.3113749670413394e+18
34,2020-09-30 18:33:20,TRF_Climate,Amazon losses help drive surging wildfires elsewhere in Brazil #Pantanal #Amazon https://t.co/mNeIBGA17w,1.3113735822961213e+18
35,2020-09-30 18:36:22,paulanthonyspen,"#amazon #kindle #books
#fiction #truecrime #biography 
#MysteryforYou #thriller

https://t.co/m8DuF6uXXe https://t.co/CUzn1Pf3ML",1.3113743450722386e+18
36,2020-09-30 18:35:04,Mazuma,"Amazon has launched a security drone that will autonomously fly around your house and dock in its own charging space. 🏠🔒

Starting at $249.99 and shipping next year - what do you think? 🤔

#Amazon #Homesecurity #smarthome #drone #mazuma #mazumamobile https://t.co/M1g8jRkYSe",1.311374018105217e+18
37,2020-09-30 18:35:42,kana_ogawa,"【ヤクザ映画】ベスト10
首都抗争2
https://t.co/OTGm7mrQYh #Amazon",1.3113741784239555e+18
38,2020-09-30 18:37:45,paulanthonyspen,"#amazon #kindle #books
#fiction #truecrime #biography 
#MysteryforYou #thriller

https://t.co/m8DuF6uXXe https://t.co/biwHmCaRZz",1.3113746944157737e+18
39,2020-09-30 18:35:19,ofertasgamergee,"OFERTOOOÓN ‼️‼️‼️
#Android #tablet #ofertas #amazon 

https://t.co/1PYvKFBP3U",1.3113740788093788e+18
40,2020-09-30 18:37:06,realgiggls,"#Amazon empfiehlt mir tatsächlich das neue Buch von Fritz Vahrenholt. Echt jetzt, ihr habt sie doch nicht alle. Ich habe Buch kein einziges Buch von einem Klimaleugner gekauft wie kommt ihr da blos drauf?",1.3113745308001649e+18
41,2020-09-30 18:35:10,CoolDealCA,"WD 2TB Elements Portable External Hard Drive for $64.99!! (Retail: $129.99)

#freebies #deals #deal #moneysaver #greatdeal #steals #discount #sale #bargain #bargainshopper #cheap #bestprice #Amazon  #Deals #giveaway #Deal #ganga

 https://t.co/s6mX9qKQaE https://t.co/XDzkWMa8XE",1.311374044139344e+18
42,2020-09-30 18:35:48,kana_ogawa,"【ヤクザ映画】ベスト10
本当にあった 投稿 闇映像5
https://t.co/tVMdPgoHO7 #Amazon",1.311374200444121e+18
43,2020-09-30 18:35:15,AmazonReviewES,"¡Hora de cenar!⁣
⁣
Aquí van los chollacos: 🤘 --&gt; https://t.co/jh4usbbGa3⁣
#chollos #amazon #rebajas #gangas #barato #otoño #autumn #winterIsComming #cool #bufanda https://t.co/B1hVy8QOec",1.3113740643390382e+18
44,2020-09-30 18:35:29,toposant55,I played this interesting Quiz on Amazon https://t.co/QiIrEf0z8J #Amazon #AmazonQuiz,1.3113741203540419e+18
45,2020-09-30 18:34:01,WednesFri,Apparently I don’t talk enough about the #scary #books I’ve written. “Kiss Me Like You Love Me” is about a terrible man who does hideous things while desperately whining about how everyone is mean to him. Maybe it has some contemporary relevance? https://t.co/TKqkkdvCGM #Amazon,1.3113737548455936e+18
46,2020-09-30 18:35:31,ReginaausW,Ein entspannter Abend mit #Hypnotized  🥰 #Song #new #beautiful #Radio #spotify #iTunes #amazon https://t.co/DDOM8I9nNh,1.311374128369238e+18
47,2020-09-30 18:35:03,PickingMeFdn,"Looking for an easy way to support #PickingMe? Switch your #amazon page to #amazonsmile! No need to make a new account, just type in https://t.co/SCcGHc13x6, choose Picking Me Foundation as your #charity of choice and carry on with you regular shopping! #PickingMe #SkinPicking https://t.co/rG9CAbav8N",1.3113740140619817e+18
48,2020-09-30 18:35:05,rakten_kaden_,"10/01 03:35

Panasonic/パナソニック EH-NA0E-
【楽天】27588円
【Amazon】28900円

★楽天で購入すると★
 1312円 お得（お得率5％）

↓お得な情報を一覧で確認出来るサイト
https://t.co/kMQYxgL6Rh

#楽天市場 #Amazon #お得 #せどり https://t.co/j23JJMiXqn",1.311374019589927e+18
49,2020-09-30 18:35:32,kana_ogawa,"【ヤクザ映画】ベスト10
獅子の復讐
https://t.co/XpNPmSaGPI #Amazon",1.3113741344928154e+18
,date,screen_name,tweet,tweet_id
0,2020-09-30 18:31:54,MaxiChollo,"‍SUPER OFERTA ❗️🔸 #Amazon | #Salud
📣Aquilea Colageno + Magnesio - Suplemento para Articulaciones, 30 Sobres

⛔️ PVP: 21,69€ 
 ✅PRECIO OFERTA: 17,95€ 

   ⤵️ Link de compra
   🌐 https://t.co/x0bsHbrFyF

Visto en https://t.co/HGTfnxg2wd https://t.co/FtHZbtViPK",1.3113732182682255e+18
1,2020-09-30 18:31:59,CholloLinkES,"‍SUPER OFERTA ❗️🔸 #Amazon | #Salud
📣Aquilea Colageno + Magnesio - Suplemento para Articulaciones, 30 Sobres

⛔️ PVP: 21,69€ 
 ✅PRECIO OFERTA: 17,95€ 

   ⤵️ Link de compra
   🌐 https://t.co/bBqBcXarZT

Visto en https://t.co/JpQzg3pNYP https://t.co/DgeTdkFvPW",1.3113732394997965e+18
2,2020-09-30 18:30:31,NMinutosMx,"#Florida 

Tiroteo en instalaciones de #Amazon deja un muerto y un herido - https://t.co/njdQYXKS4T https://t.co/HcQNVGEchi https://t.co/JVeEHnYu3D",1.311372870279467e+18
3,2020-09-30 18:31:09,creativemm12,"#belulu の マスク ホワイト 使い捨てマスク 小さめ 50枚入 保護マスク 不織布マスク 防塵 不織布 花粉 男女兼用
https://t.co/oRTsFtEew4
#1000ADay
#미국구매대행
#amazon
#Henrik #Lundqvist
#Spitting #Image
#中秋節",1.311373032024236e+18
4,2020-09-30 18:29:46,Adekunl73866054,"Check out this interesting video on #YouTube
You can save a $400 carpet with
Hoover carpet cleaner
#amazon
#WednesdayThoughts
#youtubechannel

https://t.co/QQaVfbmd68",1.3113726835615744e+18
5,2020-09-30 18:29:32,chollosyoferta,"#Chollo #Amazon Vidéoprojecteur Optoma UHD40 Résolution 4K Ultra HD et compatible HDR Détails ultra réalistes

Reacondicionado: 666,58

    👇👇👇👇👇👇👇
👉 https://t.co/gNjIMJzG8m https://t.co/fUzQITYdhS",1.3113726233482035e+18
6,2020-09-30 18:31:49,reinadellowcost,"🌟 [𝗟𝗮 𝗿𝗲𝗶𝗻𝗮 𝗱𝗲𝗹 𝗟𝗼𝘄𝗰𝗼𝘀𝘁] 🌟

🔊 Teléfono Móvil Libre, Ulefone Note 8 Android 10 3G Smartphone Libre, 2GB RAM 16GB ROM Smartphon #amazon

🌍 Enlace: https://t.co/roDEO3IsSl

Te esperamos en telegram: https://t.co/Jxndx9pJCJ https://t.co/Z1xfDOpuP4",1.3113732010631864e+18
7,2020-09-30 18:30:06,yuki_nagase,"【サスペンス映画】ベスト10
不能犯
https://t.co/JDEi0Z7S9O #Amazon",1.311372765627216e+18
8,2020-09-30 18:30:37,yuki_nagase,"【サスペンス映画】ベスト10
祈りの幕が下りる時
https://t.co/4ukEqmK1Rq #Amazon",1.311372898028802e+18
9,2020-09-30 18:30:36,CoolDealCA,"144HZ #Gaming Monitor  #Deals!! 💻

Acer 23.6in - 

AOC 24in -  

#freebies #deals #deal #moneysaver #greatdeal #steals #discount #sale #bargain #bargainhunter #bargainshopper #cheap #bestprice #Amazon  #Deals #giveaway #Deal #ganga

 https://t.co/cJWBodH0BL https://t.co/8DoD8htwPi",1.3113728921191055e+18
10,2020-09-30 18:31:50,MenudoPaquete,"🌟 [𝗠𝗲𝗻𝘂𝗱𝗼 𝗣𝗮𝗾𝘂𝗲𝘁𝗲] 🌟

🔊 Teléfono Móvil Libre, Ulefone Note 8 Android 10 3G Smartphone Libre, 2GB RAM 16GB ROM Smartphon #amazon

🌍 Enlace: https://t.co/lCiYaTL4b8

Te esperamos en telegram: https://t.co/IbEojfZpa4 https://t.co/BcG1wdktUp",1.3113732050016911e+18
11,2020-09-30 18:30:16,yuki_nagase,"【サスペンス映画】ベスト10
七つの会議
https://t.co/rBhvW8JxWI #Amazon",1.311372810179113e+18
12,2020-09-30 18:31:31,hispachollos,"🌀 Remington Keratin Protect Straight CB7480 - Cepillo alisador, Cerdas de Cerámica, Keratina y Aceite de Almendras, Gris y Rosa. #Amazon 🇪🇸

💶 Precio oferta: 35€ 💥 (PVP normal: 64,99€)

♻️ Reacondicionado: 22,28€

💳 Enlace: https://a ...
https://t.co/a5DnVoFUE3
#chollo",1.3113731234980045e+18
13,2020-09-30 18:32:48,zocoregalos,"ENVÍO DESDE ESPAÑA❗️🔸#Amazon
📣 Proyector, TOPTRO 7000 Lúmenes Proyector Full HD 1080P

⛔️ PVP: 259,99€
✅ PRECIO OFERTA: 149,99€
✂️ CUPÓN: TOPTROTR80

⤵️ Link de compra
🌐 https://t.co/SSEi1Q2wPD https://t.co/7p1VZelIQe",1.3113734485229814e+18
14,2020-09-30 18:28:15,XperienceDope,"Blasting Smokepurpp, Lil Pump - Off My Chest (Club) right now on Pretty Dope Xperience Radio aka #BlackPandora

listen now and catch a wave!! https://t.co/VqKFopeoex  #nowplaying #np #RT  #NowStreaming #Streema Download Now #Alexa #GooglePlay #iOSAppStore #Amazon #",1.3113723030500803e+18
15,2020-09-30 18:30:31,CoolDealCA,"Too many SNKRS wins? 👟

10 Tiers Shoe Rack only $26.99!!

#freebies #deals #deal #moneysaver #greatdeal #steals #discount #sale #bargain #bargainhunter #bargainshopper #cheap #bestprice #Amazon  #Deals #giveaway #Deal #ganga

 https://t.co/jItpQKzriQ https://t.co/MEpdIlAv1w",1.3113728706401157e+18
16,2020-09-30 18:30:00,codigos_solo,"✂️Código en Gafas de Sol Mujer, Gafas de sol Clásicas de Estilo Vintage
https://t.co/f5Lic9PYwL

 #codigos #cupones #chollos #aliexpress #banggood #ofertas #telegram #amazon #offers #gearbest #ebay
ℹ️ Ver código ⤵️",1.311372741539496e+18
17,2020-09-30 18:28:42,Info_forever01,CHANEL(シャネル) MIROIR DOUBLE FACETTES　ミロワール　ドゥーブル　ダブルコンパクトミラー 　https://t.co/daMDuzoUML　シャネル(*´∀`*) #amazon #beauty #beautiful #happy #life #cosme #bodycare #skincare #everyday #love #chanel #シャネル #world #pickup #checkit #checkitout #mirror #f,1.3113724165816197e+18
18,2020-09-30 18:31:13,Hotmomofive,"Lansinoh TheraPearl Breast Therapy Pack, Breastfeeding Essentials, 2... https://t.co/AXR2pB3ufW #Amazon",1.311373047891284e+18
19,2020-09-30 18:30:32,hamzatwasell,"🔹أفضل موقعين للتحقق من صحة العروض والخصومات في أمازون #Amazon حيث يتيح لك تتبع السجل الزمني للأسعار:
https://t.co/q1mY9Q5Low
https://t.co/7iYHvCKmCh

🔹مواقع لمقارنة أسعار المنتجات في متاجر أمازون الأوروبية:
https://t.co/7iKXkLQb2n
https://t.co/G5AoL21cTS https://t.co/8xVyRu1zBI",1.3113728750902723e+18
20,2020-09-30 18:32:36,zocoregalos,"ENVÍO DESDE ESPAÑA❗️🔸#Amazon
📣 Reloj Inteligente Impermeable IP68 con Monitor de Sueño y Pulsómetro

⛔️ PVP: 29,99€
✅ PRECIO OFERTA: 14,99€
✂️ CUPÓN: LYMH8ILN  

⤵️ Link de compra
🌐 https://t.co/zKa0LMQRHd https://t.co/jyWErRl3vC",1.311373398187094e+18
21,2020-09-30 18:30:32,yuki_nagase,"【サスペンス映画】ベスト10
ウインド・リバー(吹替版)
https://t.co/uC7ff8Fmb6 #Amazon",1.311372876092588e+18
22,2020-09-30 18:30:00,yuki_nagase,"【サスペンス映画】ベスト10
薄氷の殺人
https://t.co/kEHBKwoDB1 #Amazon",1.3113727437161226e+18
23,2020-09-30 18:30:00,SandorGerendasK,"El silencioso y descarbonizado #AutoEeléctrico es la esperanza de un mundo sin smog, ruidos ni gases. No posee caja de cambios bujías inyectores ni filtros https://t.co/tYSmLKLL4y SGK-PLANET #EmergenciaClimática #MedioAmbiente #Sostenibilidad #CalentamientoGlobal #Amazon https://t.co/Mac95dO66N",1.311372742910853e+18
24,2020-09-30 18:31:48,OnlyGearBest,"🌟 [𝗢𝗻𝗹𝘆 𝗚𝗲𝗮𝗿𝗯𝗲𝘀𝘁] 🌟

🔊 Teléfono Móvil Libre, Ulefone Note 8 Android 10 3G Smartphone Libre, 2GB RAM 16GB ROM Smartphon #amazon

🌍 Enlace: https://t.co/XKkFRD1uD7

Te esperamos en telegram: https://t.co/mPaN5u2fFj https://t.co/rk1a0nuFMh",1.311373197082796e+18
25,2020-09-30 18:30:27,yuki_nagase,"【サスペンス映画】ベスト10
トランス・ワールド
https://t.co/j49L3GlaFd #Amazon",1.311372854085075e+18
26,2020-09-30 18:30:41,MobDica,"Uma seleção de dispositivos Echos, Kindle e vários acessórios para a sua casa ficar conectada.
Acenda luzes com a Alexa e crie muitas outras rotinas. Tenha todos os seus e-books no Kindle e leia com facilidade

Veja Aqui:

https://t.co/D6YzLdxBq3

#Alexa #EchoDot #Kindle #Amazon https://t.co/PxXaKSr3Hm",1.3113729160560886e+18
27,2020-09-30 18:29:20,chollosyoferta,"#Chollo #Amazon 56% DESCUENTO Microsoft Surface Mcz 00004 10 '' (25, 4 cm), 1800 x 1200, Processore Intel Pentium 4415Y, RAM da 4 GB, eMMC da 64 GB, Grigio

Precio oferta: 488,88
Reacondicionado: 212,03

    👇👇👇👇👇👇👇
👉 https://t.co/CWcZ1SxuM0 https://t.co/qgEWOks9NS",1.311372573377278e+18
28,2020-09-30 18:32:50,carlinchi82,"ENVÍO DESDE ESPAÑA❗️🔸#Amazon
📣 Proyector, TOPTRO 7000 Lúmenes Proyector Full HD 1080P

⛔️ PVP: 259,99€
✅ PRECIO OFERTA: 149,99€
✂️ CUPÓN: TOPTROTR80

⤵️ Link de compra
🌐 https://t.co/UtYFGmpAz9 https://t.co/ehfSBghzA9",1.3113734539336335e+18
29,2020-09-30 18:31:23,ChollosDescubre,"‍SUPER OFERTA ❗️🔸 #Amazon | #Salud
📣Aquilea Colageno + Magnesio - Suplemento para Articulaciones, 30 Sobres

⛔️ PVP: 21,69€ 
 ✅PRECIO OFERTA: 17,95€ 

   ⤵️ Link de compra
   🌐 https://t.co/kAScJakaec

Visto en https://t.co/HW2VwUc9d2 https://t.co/1MFFJTJYWc",1.3113730881734574e+18
30,2020-09-30 18:32:38,carlinchi82,"ENVÍO DESDE ESPAÑA❗️🔸#Amazon
📣 Reloj Inteligente Impermeable IP68 con Monitor de Sueño y Pulsómetro

⛔️ PVP: 29,99€
✅ PRECIO OFERTA: 14,99€
✂️ CUPÓN: LYMH8ILN  

⤵️ Link de compra
🌐 https://t.co/e3D48Ujr8t https://t.co/G9n4tFZ9Ho",1.3113734040968602e+18
31,2020-09-30 18:30:21,yuki_nagase,"【サスペンス映画】ベスト10
プリズナーズ(字幕版)
https://t.co/DUnZkgEGzA #Amazon",1.311372832174039e+18
32,2020-09-30 18:30:04,rakten_kaden_,"10/01 03:30

パナソニック　Panasonic 口腔洗浄器 「ジ
【楽天】5368円
【Amazon】5425円

★楽天で購入すると★
 57円 お得（お得率1％）

↓お得な情報を一覧で確認出来るサイト
https://t.co/kMQYxgL6Rh

#楽天市場 #Amazon #お得 #せどり https://t.co/XY3Bzwmp6W",1.3113727595832607e+18
33,2020-09-30 18:30:11,yuki_nagase,"【サスペンス映画】ベスト10
クリーピー 偽りの隣人
https://t.co/dcd3b6tI6j #Amazon",1.3113727879451402e+18
34,2020-09-30 18:32:24,annhangames,"A esposa me convenceu. Paguei hoje, só esperar o monstro chegar. #xboxseriesx #amazon #amazonbrasil https://t.co/qPV8YxGBn6",1.3113733473983242e+18
35,2020-09-30 18:30:11,bmurphypointman,#twitter #facebook #instagram #socialmedia #pinterest #linkedin #amazon #medium #reddit Need to make money? Save money while shopping? Get discounts on travel? Check out my website https://t.co/vBHLD11zwQ,1.3113727899752653e+18
36,2020-09-30 18:32:37,cholloaliexpres,"ENVÍO DESDE ESPAÑA❗️🔸#Amazon
📣 Reloj Inteligente Impermeable IP68 con Monitor de Sueño y Pulsómetro

⛔️ PVP: 29,99€
✅ PRECIO OFERTA: 14,99€
✂️ CUPÓN: LYMH8ILN  

⤵️ Link de compra
🌐 https://t.co/UbkRkAXNc3 https://t.co/3K1EDFT13h",1.3113734013161185e+18
37,2020-09-30 18:30:03,amazon_rankinQ,"【イヤホン】
ソニー 完全ワイヤレスノイズキャンセリングイヤホン WF-SP800N : Bluetooth対応 左右分離型 防水仕様...
￥22,340
https://t.co/cFa0YXD8hU
#amazon",1.3113727528052285e+18
38,2020-09-30 18:29:29,ajhess05,I'm in the running to win $25 PayPal cash or a $25 Amazon giftcard! #giveaway #win #sweepstakes #amazon #paypal #giftcard #contest https://t.co/m7LGt97yfG,1.3113726108407316e+18
39,2020-09-30 18:30:25,SBVCvarejo,"Amazon lança nova data promocional no país
https://t.co/TQtELGy4aT
#Amazon #AmazonPrimeDay #vendas #promoção",1.3113728449499996e+18
40,2020-09-30 18:30:24,blackwell_dgf,"#Amazon 

""Your parcel has been thrown over the gate into the garden""

The electronic device has sat in the rain for some time until I got home to retrieve it :/

@amazon could learn a lot about customer care.",1.311372843238785e+18
41,2020-09-30 18:32:25,Charlie_Cawood,"Khalid - Talk #bigtimeradio https://t.co/N76xPoatRr @Charlie_Cawood @BigTimeRadio1 @bigtime_news
 on #Amazon Echo &amp; App https://t.co/c7cZfm4MQo  #Top40 #Music 247 #Worldwide 3 #Radio #Stations 43 #Countries #Interviews #Billboard https://t.co/JiPHr6jZyC  #SUBMI",1.3113733509467054e+18
42,2020-09-30 18:29:08,DenniRaven,Join me in asking @FP_Champagne not to reward the destruction of the #Amazon! 🔥🔥 Immediately halt the Canada-Mercosur free trade deal &gt;&gt; #ActForAmazon #ClimateAction @GreenpeaceCA https://t.co/HNigNCCNS0,1.311372522168828e+18
43,2020-09-30 18:30:42,yuki_nagase,"【サスペンス映画】ベスト10
検察側の罪人
https://t.co/X1bzSb2DEV #Amazon",1.311372920304722e+18
44,2020-09-30 18:28:41,paulanthonyspen,"#amazon #kindle #books
#fiction #truecrime #biography 
#nonfiction
#Cumbria #goodreads

https://t.co/m8DuF6uXXe https://t.co/vgCpI8S9sk",1.3113724099503063e+18
45,2020-09-30 18:30:53,paulanthonyspen,"#amazon #kindle #books
#fiction #truecrime #biography 
#nonfiction
#Cumbria #goodreads

https://t.co/m8DuF6uXXe https://t.co/AarJkDQhIm",1.3113729631832392e+18
46,2020-09-30 18:30:07,CloudChangelog,"Introducing AWS Digital Workplace Competency Partners Who Enable Secure Remote Work from Anywhere, Anytime https://t.co/H2bFyT50z3 #AWS #Amazon #Announcements #AWSPartnerNetwork",1.3113727707570176e+18
47,2020-09-30 18:30:32,CoolDealCA,"Highly Rated Premium Bluetooth Headphones only $16.99 🔥

#freebies #deals #deal #moneysaver #greatdeal #steals #discount #sale #bargain #bargainhunter #bargainshopper #cheap #bestprice #Amazon  #Deals #giveaway #Deal #ganga

 https://t.co/XnTaBnSog3 https://t.co/sW1MNn3LZx",1.3113728744024064e+18
48,2020-09-30 18:30:48,yuki_nagase,"【サスペンス映画】ベスト10
ザ・ギフト (吹替版)
https://t.co/vbaWFX3OEL #Amazon",1.3113729421444997e+18
49,2020-09-30 18:32:49,cholloaliexpres,"ENVÍO DESDE ESPAÑA❗️🔸#Amazon
📣 Proyector, TOPTRO 7000 Lúmenes Proyector Full HD 1080P

⛔️ PVP: 259,99€
✅ PRECIO OFERTA: 149,99€
✂️ CUPÓN: TOPTROTR80

⤵️ Link de compra
🌐 https://t.co/ivDNWqRkQL https://t.co/ejSPWtGUdO",1.3113734513080115e+18
,date,screen_name,tweet,tweet_id
0,2020-09-30 18:27:21,tuttoteKit,"Offerte #Amazon oggi: migliori offerte e sconti
#Ecommerce #tuttotek
https://t.co/9raN2LF8zh",1.3113720737811374e+18
1,2020-09-30 18:27:09,SolTaylorRdL,"🔥 SUSPIRÁNDOTE 🔥

La suerte está echada y cada uno jugará sus cartas en esta partida sin igual. ¿Quién ganará?

Enlace: https://t.co/Yc9wpXY14q

#kindle #Amazon #KindleUnlimited #romance #romantica #amazon #erotica #eBooks #leer #amor https://t.co/tYH2Ts0F8T",1.3113720229461893e+18
2,2020-09-30 18:20:04,infocaptor,"How to create dashboard using #Amazon #Redshift #database
https://t.co/N6Ewqp6KGN https://t.co/97EuzkryXM",1.311370242925441e+18
3,2020-09-30 18:24:11,XperienceDope,"Blasting Charlie Blu - Tellin lies right now on Pretty Dope Xperience Radio aka #BlackPandora

listen now and catch a wave!! https://t.co/VqKFopeoex  #nowplaying #np #RT  #NowStreaming #Streema Download Now #Alexa #GooglePlay #iOSAppStore #Amazon #",1.3113712776477082e+18
4,2020-09-30 18:20:18,PreetiSwarnaka1,Just saw this on Amazon: Romacci Women's Harness Bra Strappy Cage Lingerie Hollow Out Bra Lace Bralette Crop Top by Romacci for $16.59 #AdultingAndStuff #Amazon https://t.co/ALHW4g40S8 via @amazon,1.311370302442537e+18
5,2020-09-30 18:27:06,lisagillis_,Jack era una famosa #rockstar Poteva innamorarsi di lei? Finalmente anche su #Amazon https://t.co/Hz8QMJtzCX #libri pdf1 https://t.co/hVNmuM57f8,1.3113720129930977e+18
6,2020-09-30 18:26:55,tlingkon,"Product image editing service available 
Click hare....
https://t.co/RPWLWFJdxb

#Background_remove #Image_editing 
#Amazon #eBay # #AmazonPrimeVideo 
#photography #photographer #photoediting 
#shopifystore #amazonsellers #amazondeals 
#amazecon #seokjin #ShehnaazGill https://t.co/h9Qfb8WyLm",1.31137196566016e+18
7,2020-09-30 18:23:02,SmartDNSProxy,"Świętuj #Halloween ze #SmartDNSProxy i odblokuj najlepsze filmy i seriale na #Amazon #Prime Video. Dołącz do nas i uzyskaj dostęp do olbrzymiej oferty #AmazonPrime w październiku 2020.
https://t.co/hrUEEw1H1q",1.311370987863249e+18
8,2020-09-30 18:24:54,paulanthonyspen,"#amazon #kindle #books
#UK #USA #Euro #Aus #Can 
#Cumbria 
https://t.co/m8DuF6uXXe https://t.co/K7sIMQELtc",1.3113714593365074e+18
9,2020-09-30 18:27:29,paulanthonyspen,"#amazon #kindle #books
#fiction #truecrime #biography 
#nonfiction
#Cumbria #goodreads

https://t.co/m8DuF6uXXe https://t.co/FVWuN6su9t",1.311372109818495e+18
10,2020-09-30 18:23:32,TheChubbyGuitar,Enter for a chance to #win a $50 #Amazon #giftcard and a #paperback from #USAT #bestselling #author @EvaPohler https://t.co/jmPoAUuvUa,1.311371115915174e+18
11,2020-09-30 18:27:34,sarahrizy,"@RnmiSanders @hellolanemoore Amazon 

WRAPAHOLIC Wrapping Paper Sheet -... https://t.co/MfL2v4yL29 #Amazon",1.311372127694721e+18
12,2020-09-30 18:23:38,paulanthonyspen,"#amazon #kindle #books
#UK #USA #Euro #Aus #Can 
#Cumbria 
https://t.co/m8DuF6uXXe https://t.co/kfnHf9zNUB",1.311371140858884e+18
13,2020-09-30 18:23:02,CreateMyVoice,6 surprising ways to use your Amazon Echo at work: Alexa will be your personal assistant while you're at the office --&gt;https://t.co/H6rogJ4Fx7 #smartspeaker #amazon #alexa https://t.co/Ke4K9nZiiE,1.311370987196293e+18
14,2020-09-30 18:28:06,TeamKabiYuka,"【T】#Amazon で買おうとしてる商品で #Amazonアウトレット 品 見かけたら、積極的に買ってます。パッケージやら箱にダメージがありつつ、中身は大丈夫なので それらがどーでもイイなら安く買えてお得♪

『検品済』のシール貼ってあります。

今回は撮影案件用の #背景紙 買いましたが、活躍中♪ https://t.co/k4SqwO9I8b",1.3113722635186831e+18
15,2020-09-30 18:26:48,jporsini17,Acabei de ver isto na Amazon: Apresentamos o Novo Fire TV Stick Lite com Controle Remoto Lite por Voz com Alexa | Modelo 2020 por Amazon para R$349.00 https://t.co/parFeVnLbM via @amazon #Mafalda #ShawnMendesIsComing #Quino #amazon #AmazonPrimeDay #dulce,1.311371936581247e+18
16,2020-09-30 18:20:52,FaKe_MonKeY_,Heureusement ce n’est qu’un livre !!  #Amazon https://t.co/0nA9UhnwoE,1.3113704422891643e+18
17,2020-09-30 18:25:10,CoolDealCA,"Mattress  #Deals!! 🛌

Full - 

Queen - 

King -  

#freebies #deals #deal #moneysaver #greatdeal #steals #discount #sale #bargain #bargainhunter #cheap #bestprice #Amazon  #Deals #giveaway #Deal #ganga

 https://t.co/IxcoraJ7Ug https://t.co/QxeQqHmdRh",1.31137152744781e+18
18,2020-09-30 18:26:00,TeresaDalman,Love Speculative Fiction? #Win a $100 #Amazon #GiftCard in this #Facebook &amp; #Twitter #Giveaway via @sffbookbonanza: https://t.co/62J3tDgH10,1.3113717363366175e+18
19,2020-09-30 18:26:00,Haidji,"Book Quote: ""What do you know about DEATH, Green? ..."" Click on  https://t.co/XX3wyfYfon #quoteoftheday #quotes #kindleunlimited #bookquotes #read #ebook #ku  #paperback #amazon  #inspiration #haidji #goodreads #books #read #reading #BookBoost #book https://t.co/WHtWDZxtad",1.3113717343946138e+18
20,2020-09-30 18:27:39,yomenoroke,"Amazon で注文受付中です。
どうぶつの森amiiboカード 第3弾 (5パックセット)
https://t.co/TVCAIgNOh2
#アマサー #Amazon",1.3113721502389248e+18
21,2020-09-30 18:23:27,tenbaida,"【デジタルカメラ】

利益＋8000円✨

＃Amazon ＃楽天 ＃メルカリ ＃ラクマ ＃副業 ＃成り上がり ＃会社 ＃起業 ＃転職 ＃転売 ＃物販 https://t.co/Vfrp51GBNS https://t.co/kk49oTRgMI",1.3113710957113795e+18
22,2020-09-30 18:22:54,safreybiz,#Amazon #deals: BAYIT HOME AUTOMATION BH1818 720p HD Wi-Fi/IP Internet Surveillance Camera Ba... https://t.co/KJ0BKhttfN via @amazon,1.3113709561457418e+18
23,2020-09-30 18:21:11,Mac_Life,-Deal- So sicherst du dir einen 10 Euro-Gutschein für den #Amazon #PrimeDay https://t.co/PAa2IallCm,1.3113705223164928e+18
24,2020-09-03 18:26:48,LenovoLegion,"Lenovo Legion x @PlayApex
Now is your chance to rise above the rest. 
Unmatched performance, purposeful engineering, modern design.
Gear up with a machine as savage as you are.
Stylish outside.
Savage inside.",1.301587465258578e+18
25,2020-09-30 18:22:38,TeresaDalman,Love Speculative Fiction? #Win a Mega Book Gift Basket in this #Amazon &amp; #Goodreads #Giveaway via @sffbookbonanza: https://t.co/9YRCc5vKc1,1.3113708892004966e+18
26,2020-09-30 18:28:11,soso_piano,"重松壮一郎のアルバム「tsumugi」は、#amazon #iTunes #Spotify 等にて好評配信中です。ぜひお聴きください！

★配信サイト一覧はこちら
https://t.co/wvc9hQgIEc",1.3113722853669396e+18
27,2020-09-30 18:21:03,XperienceDope,"Blasting 4ORTYfIVE kINGS - WHY right now on Pretty Dope Xperience Radio aka #BlackPandora

listen now and catch a wave!! https://t.co/VqKFopeoex  #nowplaying #np #RT  #NowStreaming #Streema Download Now #Alexa #GooglePlay #iOSAppStore #Amazon #",1.3113704893995663e+18
28,2020-09-30 18:23:20,StalledMovie,"'There's #ZOMBIES in your toilet!'

STALLED - the zombie movie set entirely in a ladies' loo has garnered almost 24 MILLION TRAILER VIEWS on YouTube. 

#Zombie #Zombies #ZombieMovie #ZombieMovies 

Grab the BLU or DVD on #Amazon today! https://t.co/3UL4gxY26p",1.311371064098906e+18
29,2020-09-30 18:22:04,paulanthonyspen,"#amazon #kindle #books
#UK #USA #Euro #Aus #Can 
#Cumbria 
https://t.co/m8DuF6uXXe https://t.co/1aW1cjEzSf",1.3113707467243233e+18
30,2020-09-30 18:22:50,_mis_ter_e_,"Make #Superman LEGO portraits !!!

#dccomics #HenryCavill #christopherreeve #batman #benaffleck #dcfandome #JusticeLeague #JusticeLeagueSnyderCut #JusticeLeagueTheSnyderCut #amazon #kindlebooks #kindleunlimited #kindle
https://t.co/zTZgg0RgVe",1.3113709403543757e+18
31,2020-09-30 18:21:26,paulanthonyspen,"#amazon #kindle #books
#UK #USA #Euro #Aus #Can 
#Cumbria 
https://t.co/m8DuF6uXXe https://t.co/RPkeBRWqvH",1.3113705869045555e+18
32,2020-09-30 18:21:41,giveawaysboard,Love Speculative Fiction? #Win a $100 #Amazon #GiftCard in this #Facebook &amp; #Twitter #Giveaway via @sffbookbonanza: https://t.co/hudAT0qYrC,1.3113706510060093e+18
33,2020-09-30 18:26:52,ICHIZO,"※ブログ更新※
「3ヶ月間、読み放題」で99円！amazon Kindle Unlimitedキャンペーンで、読書の秋を満喫！ - 餃子ランナーは電子機器の夢を見るか？ https://t.co/sQnjtVaORG #Amazon #プライムデー #KindleUnlimited #Kindle #はてなブログ",1.3113719541636506e+18
34,2020-09-30 18:27:04,HonkHase,"Ja gut, muss der @starbug_pub es halt wieder kaputt spielen. 🤷‍♂️

#Amazon One: Hände hoch, das ist ein Einkauf!

Amazons neue Bezahltechnik: Kunden lassen Hände scannen, die biometrischen Informationen werden mit #Kreditkarte verknüpft
#Biometrie
https://t.co/dQxoKle2Gw",1.3113720042312049e+18
35,2020-09-30 18:24:15,lemoncsbsi,"Just saw this on Amazon: 24 Pockets - SimpleHouseware Crystal Clear Over The Door Hanging Shoe Organizer, Gray (64'' x 19'') by Simple Houseware for $9.87 https://t.co/kgs7cpVMfn via @amazon 
#Amazon #Amazonproduct #onlineshop #Marketing #socialmedia #digitalmarketing #seo https://t.co/K9eHKUz2j1",1.3113712948442194e+18
36,2020-09-30 18:24:55,jporsini17,"O Prime Day 2020 é um evento de compras online com dois dias de duração, grandes promoções e exclusivo para membros Prime. Assine o Amazon Prime por R$ 9,90/mês  aproveite todos os benefícios. https://t.co/m211phQlw3 via @amazon #amazon #Mafalda #Dulce #Quino #shawnmendesiscoming",1.3113714617860424e+18
37,2020-09-30 18:26:55,Christiananasi1,"Environmental science: activities and colouring book de Christian  Oluchukw... https://t.co/Gy9IW7jaHt via @amazonfr
#book #ebook #French #amazon #Online",1.3113719642720502e+18
38,2020-09-30 18:21:54,SMKBGK,@slpng_giants @Dadilicious2 @amazon If Amazon is selling Proud Boy clothing everyone across this country needs to stop using Amazon immediately. #Amazon #ProudBoys,1.311370703774548e+18
39,2020-09-30 18:20:05,MADShampoo,"MAD Shampoo
　Album
“Bug’s voices”

#psychedelia

#Spotify
#Applemusic
#iTunes
#Googleplay
#Amazon
#Deezer

https://t.co/kTFCtNKPCT",1.3113702446032118e+18
40,2020-09-30 18:25:00,CoolDealCA,"#Amazon  Echo Dot 2nd Gen for CDN$ 39.99!

 #Deal #ganga

 https://t.co/t4oFNBxcsy",1.3113714850392556e+18
41,2020-09-30 18:25:03,s_repose,Suspense. Mystery. Thrillers. Murder. #BookBoost #Amazon #KindleBargain #MustRead #Suspense #KindleBargains https://t.co/Zc7UmQXEir,1.311371494384038e+18
42,2020-09-30 18:25:21,hispachollos,"🌀 Kingston SDCS/32GB - MicroSD Canvas Select velocidades de UHS-I Clase 10 de hasta 80 MB/s Lectura (con Adaptador SD). #Amazon 🇪🇸

💶 Precio oferta: 5,9€ 💥 (PVP normal: 12€)

♻️ Reacondicionado: 5€

💳 Enlace: https://t.co/nCvBsGFInj
 ...
https://t.co/qAfTbOGOmB
#chollo",1.311371573358719e+18
43,2020-09-30 18:21:23,ecaarrones,"LA NIEVE MÁS OSCURA  
Sexta entrega de la saga del agente especial del FBI #EthanBush 
Un asesino en serie siembra el #terror en la despoblada Montana...
OFERTA #Kindle AQUÍ&gt;&gt; https://t.co/NwvYyhIe2c
@enriquelaso @merylaso
#NovelaNegra #Thriller #Amazon #KindleUnlimited https://t.co/b8r2bkIfa8",1.3113705730801377e+18
44,2020-09-30 18:25:32,musicalbumrevi,"Samsung Galaxy Note 20 FE Release Date, Price &amp; Specs Rumours https://t.co/BzFfw3X99j September 30, 2020 at 09:03PM #Mobile News, News, Samsung, Samsung Galaxy, Samsung Galaxy Note #blogger #2k20 #blog #MusicAlbumReviews #amazon",1.3113716194456822e+18
45,2020-09-30 18:21:23,lyndac1234,@MacFinder_UK #GIVEAWAY #Follow #MacbookPro #Amazon,1.3113705749256192e+18
46,2020-09-30 18:20:03,rakten_kaden_,"10/01 03:20

空気清浄機 シャープ SHARP 加湿器 プラズマ
【楽天】18980円
【Amazon】19029円

★楽天で購入すると★
 49円 お得（お得率0％）

↓お得な情報を一覧で確認出来るサイト
https://t.co/kMQYxgL6Rh

#楽天市場 #Amazon #お得 #せどり https://t.co/mQ7BYAArFV",1.311370240178045e+18
47,2020-09-30 18:26:03,katrinadehart,Check Out This #ELJAMES #GIVEAWAY #STARTERLIBRARY #FREEBOOKS #AMAZON #KINDLE https://t.co/4mLAZ2Fy9j,1.3113717496411218e+18
48,2020-09-30 18:26:30,caelanbr,"⁦@BaileySarian⁩ for the love of toast! 

Boston Warehouse 78381 Coffin Shaped Butter Dish, Ceramic, Black https://t.co/akgAqxAKzV #Amazon",1.31137185934728e+18
49,2020-09-30 18:25:04,rakten_kaden_,"10/01 03:25

《レビュー書いてバスマットプレゼント★》洗濯機 6
【楽天】22800円
【Amazon】25980円

★楽天で購入すると★
 3180円 お得（お得率14％）

↓お得な情報を一覧で確認出来るサイト
https://t.co/kMQYxgL6Rh

#楽天市場 #Amazon #お得 #せどり https://t.co/2S5luieiXH",1.3113714999247217e+18
,date,screen_name,tweet,tweet_id
0,2020-09-30 18:14:29,dataclaudius,Unified serverless streaming ETL architecture with Amazon Kinesis Data Analytics by Ram Vittal #aws #amazon #cloud https://t.co/QA1juw6P1t,1.3113688386430976e+18
1,2020-09-30 18:15:49,XperienceDope,"Blasting YG, Tyga, Jon Z - Loko (Club) right now on Pretty Dope Xperience Radio aka #BlackPandora

listen now and catch a wave!! https://t.co/VqKFopeoex  #nowplaying #np #RT  #NowStreaming #Streema Download Now #Alexa #GooglePlay #iOSAppStore #Amazon #",1.3113691724090941e+18
2,2020-09-30 18:18:47,robertstanek,"Celebrating 20th Anniversary of Robert Stanek's Ruin Mist. 5 Million Readers, 17 translations.

Learn more at all new  https://t.co/x1jQyjbEFf  Choose your path + go!

#amwriting #amblogging #epicfantasy #amazon #microsoft #amlibraries #alalibrary #nypl #libraryjournal #overdrive https://t.co/TfDZwlddV2",1.311369920861487e+18
3,2020-09-30 18:12:46,LCy5HsI33j4opdL,"キャンプに備えて準備はバッチリですか？
2020年10月1日3時のアウトドア用品売り上げランキングは？

 こちらをチェック↓
 https://t.co/1TP1uTw4MA 

#Amazon #アマゾン #ランキング #アウトドア #キャンプ",1.3113684033581056e+18
4,2020-09-30 18:11:43,Fcsnva,"There's a new #vampire in town!
https://t.co/zEr7L7zAPO #Smashwords #nook
https://t.co/tsRpgK8y2Q #Amazon #kindle
#Horror #Gore #Romance #Fantasy #Novel #ebook",1.311368142376104e+18
5,2020-09-30 18:19:30,kulander,"Amazon Web services colabora con #Guanajuato para automatizar servicios en la nube 📲☁️

➡️ https://t.co/Fg1YrToF8O

#Amazon #Web #Services #Tecnología #Innovación",1.3113700989181297e+18
6,2020-09-30 18:11:36,TechieNikum,"Mi 10T Lite 5G
-6.67"" IPS LCD, FHD+, 120Hz
-Snapdragon 750G
-64MP + 13MP Ultra-Wide + 2MP Macro + 2MP Depth
-16MP
-4820mAh, 33W
-Stereo speakers, Dual SIM, USB-C, NFC #mobile #amazon #techno",1.3113681118583562e+18
7,2020-09-30 18:18:15,moodedi06096221,"Learn from the best
https://t.co/DSFbdL0Qs6

#shopify #ecommerce #dropshipping #shopifystore #entrepreneur #ecommercebusiness #shopifydropshipping #shopifyseller #shopifyexperts #fashion #business #smallbusiness #onlineshopping #marketing #amazon #amazonfba #shopifypartners",1.3113697854401864e+18
8,2020-09-30 18:14:59,MobDica,"Encontre Consoles e Games com descontos especiais para o Dia das Crianças.
Como esse Volante Gamer Logitech G29 para PS4 e PS3.

É só Clicar:

https://t.co/hrN42nbSpk 

#Game #PS4 #PS3 #Amazon #MobDica https://t.co/IC98YDmfsL",1.3113689620479631e+18
9,2020-09-30 18:19:07,blogosum,"#Amazon for travellers: MLVOC Travel 100% Pure Memory Foam Neck Pillow

 https://t.co/4S3MPX33qO

 #amazondeals #deals #gadgets #travel #giftguide #gift #giftidea #pillow #night #sleep #work #flight #office #airport #train #road #bus https://t.co/cLR8LjenoA",1.311370005032964e+18
10,2020-09-30 18:15:52,NithinRavi12,"I hope it comes earlier than that.... 

#asus #amazon #asustuf #ryzen https://t.co/n1KeBroqKd",1.3113691852979814e+18
11,2020-09-30 18:16:35,LuDragorex,"り、リツイートされてる！？
ビックリだわ～
#Amazon https://t.co/UXSusoI3W7",1.3113693638873293e+18
12,2020-09-30 18:17:24,Smart_Reads,"Almost a Best-Seller in the “Alien-Bureaucrat” Category
#scifi #AlienBureaucrat #books #amazon #KindleUnlimited
Mr Thursby
https://t.co/zAN7uq02aC",1.311369569559339e+18
13,2020-09-30 18:12:42,bmurphypointman,Shop my #amazon page for my recommended products https://t.co/Sd3PBbITZt https://t.co/xYUgmoXNo5,1.311368388795605e+18
14,2020-09-30 18:19:27,gitaro9,"https://t.co/pLoNsYGWBB
#ibiza #electro #techno #club #テクノ #art #popart #芸術 #絵 #soundcloud #music #beatport #itunes   #絵画 #アート #写真 #photo #spotify #東京 #大阪 #福岡 #amazon  #Apple Music   #Google Play Music #RecMusic #AWA 
#LINE MUSIC #Amazon  #gitaro",1.3113700850223268e+18
15,2020-09-30 18:12:04,clayco_official,Find your #AppleWatch on #Amazon - Now compatible with the latest 6th Series &amp; SE - https://t.co/CRvuMyOhNE https://t.co/Nr6btPgwxG,1.3113682273442652e+18
16,2020-09-30 18:15:14,ikechukwujosep1,RT pse  Any relationship without reciprosity will die https://t.co/fqDZtIjXKl https://t.co/6fbNZpPNUs https://t.co/odTZ5nTdEj https://t.co/Zp4l5OrhoP #Kindle #Apple #Nook #Kobo #Amazon https://t.co/ItdAe1NQFS https://t.co/sqgJR46U4m,1.311369027625857e+18
17,2020-09-30 18:19:15,hispachollos,"🌀 Rizador de Pelo 6 en 1, Onduladores de Pelo Profesional, Pinzas Rizadoras Multifuncional Calentamiento Rápido Barras de Iones de Cerámica de Turmalina Temperatura Ajustable Apto para Todo el Cabello. #Amazon 🇪🇸

🕘 PRECIO FLASH: 29, ...
https://t.co/LPoaFZ7tvn
#chollo",1.3113700362385736e+18
18,2020-09-30 18:15:12,computekni,"Reproduce las canciones de Shazam en YT Music

Link: https://t.co/hwA3SZbF7Y
.
.
.
#shazam #spotify #itunes #applemusic #tidal #youtube #googleplay #soundcloud #hiphop #pandora #amazonmusic #newmusic #rap #music #amazon #dccomics #iheartradio  #deezer #youtubemusic https://t.co/LNRH6yRinM",1.3113690193841234e+18
19,2020-09-30 18:13:20,landonsmum,I need an #amazon hit! Help me win a amazon card from @AnnaWriter (and enter too!) @FreshFiction.com https://t.co/Vl1m78Dt1Y,1.3113685467068088e+18
20,2020-09-30 18:15:17,CoolDealCA,"Wahl Cordless Beard and Mustache Trimmer for $17.99!! (Retail: $34.99)

#freebies #deals #deal #moneysaver #greatdeal #steals #discount #sale #bargain #bargainhunter #bargainshopper #cheap #bestprice #Amazon  #Deals #giveaway #Deal #ganga

 https://t.co/DcVWeP70ot https://t.co/dOkcWxuDsD",1.3113690400074916e+18
21,2020-09-30 18:12:15,BwcDeals,"Amazon's Big Fall Sale is here!!! 

https://t.co/ilO2jIh5Cm

#BwcDeals #Amazon #stealsanddeals #Deals #dailydeals #RespectForTeachers #DealsAndSteals https://t.co/kKqyc6T4G1",1.311368274865578e+18
22,2020-09-30 18:17:00,humanmade_net,"Storybook, Inc. by Parker Pace https://t.co/9fZfeW9SKr via @amazon #Amazon #book #fiction #thriller #MustRead #ad #Ads",1.3113694697055724e+18
23,2020-09-30 18:16:45,reinadellowcost,"🌟 [𝗟𝗮 𝗿𝗲𝗶𝗻𝗮 𝗱𝗲𝗹 𝗟𝗼𝘄𝗰𝗼𝘀𝘁] 🌟

🔊 Deik Juegos Cuchillos Cocina, Set Cuchillos de 6 Piezas, Incluye un Bloque de Madera y 5 Piezas #amazon

🌍 Enlace: https://t.co/ICSUzBhNw2

Te esperamos en telegram: https://t.co/Jxndx9pJCJ https://t.co/F4gMPg3QKE",1.3113694081079951e+18
24,2020-09-03 18:26:48,LenovoLegion,"Lenovo Legion x @PlayApex
Now is your chance to rise above the rest. 
Unmatched performance, purposeful engineering, modern design.
Gear up with a machine as savage as you are.
Stylish outside.
Savage inside.",1.301587465258578e+18
25,2020-09-30 18:14:00,DigitalMktngHub,"12 Ways to Get Your Website on the First Page of Google (With Examples &amp; Templates)

https://t.co/1usyNe8W5n
#ecommerce #seo #shopify #google #sales #cro #analytics #content #ai #entrepreneur #bigdata #datascience #app #apps #smm #amazon #linkedin #brand #blog #blogger #blogging",1.3113687155695944e+18
26,2020-09-30 18:11:38,XperienceDope,"Blasting E-40 feat. Jeremih Rick Ross &amp; Chris Brown - 1 Question  right now on Pretty Dope Xperience Radio aka #BlackPandora

listen now and catch a wave!! https://t.co/VqKFopeoex  #nowplaying #np #RT  #NowStreaming #Streema Download Now #Alexa #GooglePlay #iOSAppStore #Amazon #",1.3113681195339203e+18
27,2020-09-30 18:18:44,ikari26,"とっても便利なAmazon Fire TV Stick。接続方法やセット内容、リモコンの使い方等を、こちらのブログ記事で紹介しています！ #Amazon #Amazon Fire TV Stick

・Amazon Fire TV Stick 4Kの接続方法、リモコンの使い方などをまるっと解説

https://t.co/U8dWJBivNk",1.3113699078507356e+18
28,2020-09-30 18:17:49,thejoshuablog,".@AmazonHelp @JeffBezos @amazon @amazonprimenow Amazon MUST pull this women-hating, NAZI PROPAGANDA from their store NOW. #NAZI #NaziTrump #WhiteSupremacy #WhiteSupremacists #WhiteSupremacistInChief #Amazon #KKK #ProudBoys #Debates2020 #WhiteSupremacist #TrumpMeltdown #TrumpHate https://t.co/M8gBKEt8eX",1.3113696759772406e+18
29,2020-09-30 18:13:00,Haidji,"Book Quote:""For the Earth to survive, for the human race..."" Click on  https://t.co/NNtFNTTvMq #globalwarming #quoteoftheday #quotes #kindleunlimited #bookquotes #read #ebook #ku  #paperback #amazon  #inspiration #haidji #goodreads #books #read #reading #BookBoost #book https://t.co/7Ml9JiB4JU",1.311368462913147e+18
30,2020-09-30 18:18:32,Amazoncouponn,"Just saw this on Amazon: McCormick Saigon Cinnamon (Ground, Organic, Non-GMO, Kosher), 10 oz by McCormick Organic 
https://t.co/VMdF9xbsWi 
#ad #Amazon #grocerystores #grocery #Sales #AmazonDeals",1.311369856785068e+18
31,2020-09-30 18:17:13,hispachollos,"🌀 URAQT Manometro Presion Neumaticos, Manómetro Digital, Manómetro de Neumáticos, Medidor de Presión de Neumáticos con Manguera y Acoplador para Motocicleta, Bcicleta y Coche. #Amazon 🇪🇸

🕘 PRECIO FLASH: 11,89€

💶 Precio oferta: 13,9 ...
https://t.co/wssPa94Bkx
#chollo",1.3113695264461169e+18
32,2020-09-30 18:15:11,RoMemoria,Te invito a #LamejorLectura Poesía reunida (1970-2015) Toda la #Poesía de Juan Sevillano. Ahora disponible en #Amazon #PAPEL : https://t.co/3en3y4gDAu  ; #Kindle : https://t.co/p36R1Wito3 https://t.co/FM9Vfimkvu,1.3113690134489948e+18
33,2020-09-30 18:15:11,DMsaidFresh,Check out this page from Mitchell Made https://t.co/Grb6YV4LiK #Amazon #Marketing,1.3113690123039908e+18
34,2020-09-30 18:16:44,OnlyGearBest,"🌟 [𝗢𝗻𝗹𝘆 𝗚𝗲𝗮𝗿𝗯𝗲𝘀𝘁] 🌟

🔊 Deik Juegos Cuchillos Cocina, Set Cuchillos de 6 Piezas, Incluye un Bloque de Madera y 5 Piezas #amazon

🌍 Enlace: https://t.co/TJn1zmDqnD

Te esperamos en telegram: https://t.co/mPaN5u2fFj https://t.co/JBnfVPm2kQ",1.3113694041192407e+18
35,2020-09-30 18:13:36,Tarrako1162,"🔥PRE-PRIME DAY!! #Amazon 

Amazon ha anunciado oficialmente la fecha de su mayor evento anual de ofertas para miembros Prime. #AmazonPrimeDay  https://t.co/klwRNSTSMa, que será este 13 y 14 de Octubre. Ya están disponibles las siguientes promociones: ⬇️⬇️",1.311368613685756e+18
36,2020-09-30 18:18:36,DrivingMomBlog,The Best Budget-Friendly Car Seats https://t.co/BHhFNEi55F #amazon,1.311369874820784e+18
37,2020-09-30 18:16:46,MenudoPaquete,"🌟 [𝗠𝗲𝗻𝘂𝗱𝗼 𝗣𝗮𝗾𝘂𝗲𝘁𝗲] 🌟

🔊 Deik Juegos Cuchillos Cocina, Set Cuchillos de 6 Piezas, Incluye un Bloque de Madera y 5 Piezas #amazon

🌍 Enlace: https://t.co/5brj6IoFPM

Te esperamos en telegram: https://t.co/IbEojfZpa4 https://t.co/g3uOzM136K",1.3113694120590377e+18
38,2020-09-30 18:19:52,MobDica,"Esse Headset sem Fio Série Ouro Edição Limitada está com um desconto especial na Amazon. O Som Surround virtual 7.1 de alta fidelidade traz nova vida às selvas urbanas e mundos alienígenas dos seus games.

Aproveite:

https://t.co/kryu8tNyK2

#Headset #PS4 #Game #Amazon #MobDica https://t.co/foVP3OCWKG",1.311370190458884e+18
39,2020-09-30 18:15:03,rakten_kaden_,"10/01 03:15

TDK 婦人用電子体温計 HT-301/TP
【楽天】2970円
【Amazon】3280円

★楽天で購入すると★
 310円 お得（お得率10％）

↓お得な情報を一覧で確認出来るサイト
https://t.co/kMQYxgL6Rh

#楽天市場 #Amazon #お得 #せどり https://t.co/Q0DUWkvRqF",1.3113689803810693e+18
40,2020-09-30 18:20:03,LWNovels,"If you are a fan of #DavidBaldacci, read CASINO GIRL #rt #Follow #Amazon #summer #mystery #ku #amazonprime https://t.co/kQ0wxQFBAc",1.311370238370476e+18
41,2020-09-30 18:15:26,PnELogistics,"When you work for P&amp;E, we provide:
Paid training
Great weekly pay
Company vehicle
Two-week paid vacation
Bonuses and so much more!

Join us today at https://t.co/TpaCeMXJKi
.
.
. 
#PnELogistics #Amazon #AmazonDelivery #DeliveryDrivers #NowHiring #WorkAvailable #PnERecruiting ... https://t.co/MeEaoV0ZrE",1.3113690748579635e+18
42,2020-09-30 18:13:30,alpaslangokdumn,Sadece Avucunuzu Gösterin Yeter: #Amazon'dan Avuç İçiyle Temassız Ödeme https://t.co/85kBEGeQnt @chiponline,1.31136858782797e+18
43,2020-09-30 18:13:08,nimboya,"#AWS Launches another PoP (Point of Presence) in Kenya. In simple terms your Cloudfront Distributions has a closer Edge Location in Kenya. Another from #Amazon. More to come. Get ready #Africa

#cloudfront #edgecomputing #serverless",1.311368496807383e+18
44,2020-09-30 18:15:16,aaronandshara,If #Amazon accepts #bitcoin then why the heck don't you own some yet? :) Get yours here: https://t.co/U8x0HVxD02,1.311369033367851e+18
45,2020-09-30 18:13:00,Haidji,"Book Quote: ""Believe in deeds and not just in words..."" Click on  https://t.co/pcloyNu5fZ #quoteoftheday #quotes #kindleunlimited #amazonbooks #amazon   #inspiration #haidji   #goodreads #books #read #reading #bookblogger #book https://t.co/gzUGcv2LUD",1.3113684628628726e+18
46,2020-09-30 18:12:23,bmurphypointman,Shop my #amazon page for my recommended products https://t.co/Sd3PBbITZt https://t.co/KcVHiQ6YvD,1.311368309443625e+18
47,2020-09-30 18:19:15,GuzmanLaetitia,#Amazon #AccidentDuTravail #Entrepôts #DroitDuTravail https://t.co/5nS2GALsWh,1.3113700364776038e+18
48,2020-09-30 18:15:53,abhishek_aatish,"#Amazon is Amazing !!

@JeffBezos",1.3113691912622817e+18
49,2020-09-30 18:12:13,Fcsnva,"What if Oswald had missed?
https://t.co/kyzgZ0wTnQ  #Smashwords #nook
https://t.co/Glni8rU7V1 #Amazon #kindle
#SciFi #AlternativeHistory #WhatIf #Fantasy #JFKAssassination  #Conspiracy #ebook",1.3113682662128804e+18
,date,screen_name,tweet,tweet_id
0,2020-09-30 18:10:42,TheInStockRoom,"***New Deal***
US Stove USSC Grills Cumberlan...
Reduced from $899.99 to $627.70
https://t.co/2OVynKNP8H
#Deals #newDeals #Amazon https://t.co/NnK3jm9sh2",1.3113678834701312e+18
1,2020-09-30 18:10:15,landonsmum,Help me #win @DBReynoldsWrite great  #Amazon #giveaway by sharing! I appreciate it! @FreshFiction #FreshFictionContest https://t.co/wIPkCaMxEf,1.3113677716959027e+18
2,2020-09-30 18:08:15,ProyectoEnigma,@ATC_Celeritas #amazon es vergonzoso que dos veces me habéis dicho que vendríais a recoger un paquete y dos veces me he quedado esperando. No vuelvo a trabajar con vosotros y espero que os afecte la reclamación que he interpuesto a través de Amazon...poca seriedad...,1.3113672685222216e+18
3,2020-09-30 18:11:29,chollosyoferta,"#Chollo #Amazon Honor 7X   Smartphone Android 7.0 (pantalla infinita 5,93"" 18:9, 4G, cámara 16MP+2MP, 4GB RAM, 64GB almacenamiento, procesador Kirin 659 Octa core), gris

Reacondicionado: 78,38

    👇👇👇👇👇👇👇
👉 https://t.co/z8wOyqLveb https://t.co/KmhB2wT4Ih",1.3113680802249032e+18
4,2020-09-30 18:05:48,kana_ogawa,"【ホラー映画】ベスト10
アナベル 死霊館の人形(吹替版)
https://t.co/yIFFViB3j9 #Amazon",1.311366650302591e+18
5,2020-09-30 18:05:27,kana_ogawa,"【ホラー映画】ベスト10
アシュラ
https://t.co/Jg9rdBTN5g #Amazon",1.3113665620964516e+18
6,2020-09-30 18:05:15,CoolDealCA,"#Apple AirPods with Charging Case for $129!! (Retail: $159)

#freebies #deals #deal #moneysaver #greatdeal #steals #discount #sale #bargain #bargainhunter #bargainshopper #cheap #bestprice #Amazon  #Deals #giveaway #Deal #ganga

 https://t.co/i8NKuO72jn https://t.co/6OxVXtQFEd",1.31136651485193e+18
7,2020-09-30 18:08:05,creativemm12,"👉https://t.co/sCZO3f6nZq #amazon👈
💯👉Auto Follower👈💯
💯👉#自動相互フォロー👈💯

#TFW
#NPR
#Henrik #Lundqvist
#Helen #Reddy
#f4f
#固定RT
#TFB
#相互リツイート
#autofollower
#相互フォロー100
#FollowNGain
#相互RT",1.3113672269774438e+18
8,2020-09-30 18:10:43,EaTheRichhhhhhh,"Bezos just made $4,475,885 #Amazon #Bezos #Eattherich",1.3113678884528456e+18
9,2020-09-30 18:05:37,kana_ogawa,"【ホラー映画】ベスト10
ドラキュラZERO （吹替版）
https://t.co/HSxViGHYZT #Amazon",1.3113666059268547e+18
10,2020-09-30 18:10:03,DebraUllrick,"""Can Olivia let go of the past, or will this be deja vu all over again?"" DÉJÀ VU BRIDE https://t.co/tfP5pGt1yd #Amazon #Kindle",1.3113677215699804e+18
11,2020-09-30 18:04:52,tabbycatjo,GIVEAWAY! Enter to #win a $10 #Amazon gift card? Go enter the #giveaway daily for your chance to win from @thatsjustjeni Go enter   https://t.co/eX42g3HOOP,1.3113664179509535e+18
12,2020-09-30 18:11:20,chollosyoferta,"#Chollo #Amazon Akai AKTV410TS LED TV 101,6 cm (40"") Full HD Negro   Televisor (101,6 cm (40""), 1920 x 1080 Pixeles, Full HD, LED, DVB T2, Negro)

Reacondicionado: 121,45

    👇👇👇👇👇👇👇
👉 https://t.co/kfWjNsc7dX https://t.co/B9zkp9L6gz",1.3113680439609795e+18
13,2020-09-30 18:11:18,Fcsnva,"Fear the wrath of a #vampire!
https://t.co/n98e9MXKKm    #Smashwords #nook
https://t.co/5dnMoKXK5n    #Amazon #kindle
#Horror #Gore #Monster #Fantasy #Novel #ebook",1.31136803470413e+18
14,2020-09-30 18:10:34,ciberninjas,"▷ La reinvención de la virtualización con AWS Nitro System
(https://t.co/2KvezcE0ZS)

#aws #amazon #servidores #nube #virtualización #awsnitro #eficacia #amazonservices #backend #desarrolloweb #programacion #programador #programming #technology #news #techie #technews #techy https://t.co/6UZF7mxox8",1.3113678495340093e+18
15,2020-09-30 18:10:12,CoolDealCA,"TCL Alto 5 2.0 Channel Home Theater Sound Bar for $59.99!! (Retail: $79.99)

#freebies #deals #deal #moneysaver #greatdeal #steals #discount #sale #bargain #bargainhunter #cheap #bestprice #Amazon  #Deals #giveaway #Deal #ganga

 https://t.co/es80RFJELv https://t.co/vnXYWRUq4m",1.311367757481599e+18
16,2020-09-30 18:11:28,S_Galimberti,#Amazon vuole usare la scansione della mano per entrare e pagare nei negozi https://t.co/S8LlYRBjUD via @wireditalia https://t.co/VxyCJJAdTo,1.3113680776663982e+18
17,2020-09-30 18:06:12,Mencha_t,"#Amazon
https://t.co/eZYgcOQOuN",1.3113667507562373e+18
18,2020-09-30 18:10:47,CoolDealCA,"💲💰
US Stove USSC Grills Cumberlan...
Reduced from $899.99 to $627.70

# #Deals #new #Deals #Amazon  #Deal #ganga

 https://t.co/nh5y6A9Ctx https://t.co/4kGdFnS7fd",1.3113679080571167e+18
19,2020-09-30 18:05:06,kana_ogawa,"【ホラー映画】ベスト10
来る
https://t.co/a0KsQ05l5X #Amazon",1.3113664741670175e+18
20,2020-09-30 18:05:16,CoolDealCA,"Best Selling Blackout Curtains only $15.99!!

#freebies #deals #deal #moneysaver #greatdeal #steals #discount #sale #bargain #bargainhunter #cheap #bestprice #Amazon  #Deals #giveaway #Deal #ganga

 https://t.co/p9RKPPzZJ7 https://t.co/U5eXfjEb1v",1.3113665183667036e+18
21,2020-09-30 18:05:32,kana_ogawa,"【ホラー映画】ベスト10
モンスター・ホテル (吹替版)
https://t.co/7OG2xUnTZT #Amazon",1.3113665840493937e+18
22,2020-09-30 18:05:11,kana_ogawa,"【ホラー映画】ベスト10
コンジアム（字幕版）
https://t.co/TPwxndZukb #Amazon",1.3113664962332426e+18
23,2020-09-30 18:10:27,MazbaMilon,"I will provide accurate data collection, data mining and data entry
https://t.co/TtuoRND7V7

#UK #US  #Germany  #France #dataentry #WebScraping #DataMining #Fiverr
#Chelsea
#Arsenal
#Messi
#1YearWithCNS
#Amazon
#Google
#Fiverr",1.311367823801815e+18
24,2020-09-30 18:10:12,CoolDealCA,"Magic Bullet Blender, Small, Silver, 11 Piece Set for $39.99!! 

#freebies #deals #deal #moneysaver #greatdeal #steals #discount #sale #bargain #bargainhunter #cheap #bestprice #Amazon  #Deals #giveaway #Deal #ganga

 https://t.co/lsuZc9wFpZ https://t.co/gdHlWXbe4i",1.3113677610383974e+18
25,2020-09-30 18:05:17,CoolDealCA,"Smart WiFi Outlet 4-Pack now $19.54!!

#freebies #deals #deal #moneysaver #greatdeal #steals #discount #sale #bargain #bargainhunter #cheap #bestprice #Amazon  #Deals #giveaway #Deal #ganga

 https://t.co/kiuz16Y53S https://t.co/h6cRpuwgxs",1.3113665215041004e+18
26,2020-09-30 18:10:00,Charlie_Cawood,"9. https://t.co/lvM9cVLGBp  #bigtimeradio https://t.co/N76xPoatRr @Charlie_Cawood @BigTimeRadio1 @bigtime_news
 on #Amazon Echo &amp; App https://t.co/c7cZfm4MQo  #Top40 #Music 247 #Worldwide 3 #Radio #Stations 43 #Countries #Interviews #Billboard https://t.co/JiPHr6jZyC  #SUBMI",1.3113677091631636e+18
27,2020-09-30 18:05:10,JoshMoulin,"“Among an avalanche of new #Echo and #Ring devices announced by #Amazon today, there’s one that stuck out as a clear step towards our dystopian future: the Ring Always Home Cam.” #privacy https://t.co/tgPHBGB8xo",1.3113664918168207e+18
28,2020-09-30 18:05:28,ShotRadioInter,"https://t.co/ZK0wocrCDj
✋ La #Tecnologia nos está alcanzando más de lo que pensamos y oficialmente ya está más cerca el poder pagar tan solo con escanear nuestras mano. #AmazonOne  
#EconomiaHOY #Amazon #technology #NEWS #Noticias #NOTICIA #30Septiembre #30Sep #FelizMiercoles",1.31136657016644e+18
29,2020-09-30 18:06:10,OfertacularRL,"‼️WOW CHO-LLA-ZO‼️ 👁‍🗨 #Ofertacular #Amazon #chollo #oferta #ganga

⚫️ SAMSUNG 870 QVO 2 TB 2,5'' SATA III SSD Interna (MZ-77Q2T0BW)

🛒: ➡️ https://t.co/4BzQw6tZpA ⬅️ https://t.co/SabevMVpY6",1.3113667462391276e+18
30,2020-09-30 18:11:04,creativemm12,"👉https://t.co/HwXetcE9ff #amazon👈
💯👉Auto Follower👈💯
💯👉#自動相互フォロー👈💯

#FollowBack
#ABC #news
#Henrik #Lundqvist
#Bad #Bunny #Crocs
#autofollower
#TFW
#TeamFollowback
#TFB
#followtrick
#FollowNGain
#bts
#seventeen",1.3113679791881462e+18
31,2020-09-30 18:05:37,PalletFly,"HOT DEAL! Lancome Monsieur Big Bold Eyeliner Marker, No. 01 
Retail Price: $32.94
Your Cost: $12.5
Minimum Order: 100 Units
Total Available: 113 Units
https://t.co/W2gS53VN5r

#wholesale
#amazonfba
#fba
#amazonreseller
#resellerdeal
#fbaseller
#amazon
#Beauty
#Beautywholesale https://t.co/pQjd96KrMX",1.311366606862254e+18
32,2020-09-30 18:05:06,jameshutch78,Well you’ve got your digital download to listen to says the Amazon customer care girl regarding my late vinyl arrival. I’m a #recordcollector I can’t spin a download on my turntable 🙈 #record #vinyl #turntable #Amazon,1.3113664750101914e+18
33,2020-09-30 18:05:54,QuickShopDeals,"***Great Deal***Low Price***
Monopoly: Star Wars The Child Edition Board Game for Families and Kids Ages 8 and Up, Featuring The Child, Who Fans Call Baby Yoda
Reg$19.99 to $15.97*free ship *
https://t.co/zPZ33K8yfx
#amazon #amazondeals #deals #sale #save #savings #shop https://t.co/P5OFvEZBMP",1.3113666773224366e+18
34,2020-09-30 18:05:37,judhaileymusic,"Two new Songs
in only Two Weeks!!!

Stars Align: Friday Oct 2 12am
Little Longer: Friday Oct 9 12am

On all streaming networks!!!!!

 #music #newmusic #itunes #applemusic #soundcloud #playlist  #googleplay #americana indiemusic #nowplaying #beats #dance  #instagood #indie #amazon https://t.co/UYG4Msb2aT",1.3113666074453934e+18
35,2020-09-30 18:07:06,LE_Fatikan,#Google #GoogleTV #firestick #amazon,1.3113669791278326e+18
36,2020-09-30 18:05:00,kana_ogawa,"【ホラー映画】ベスト10
キューブ (Cube)
https://t.co/BbuVNtmqH0 #Amazon",1.311366452293714e+18
37,2020-09-30 18:08:34,EachAtoms,#googletv un po’ come #Amazon e #Sony con la parte video di ps4 darà la possibilità di utilizzare anche le altre piattaforme di streaming tramite il nuovo Chromecast,1.3113673461839626e+18
38,2020-09-30 18:05:16,kana_ogawa,"【ホラー映画】ベスト10
『映画 としまえん』
https://t.co/SiSHTQJZhd #Amazon",1.311366518131712e+18
39,2020-09-30 18:11:32,danklefstad,"Pre-order today &amp; tomorrow. On Friday, you belong to her...
#amazon https://t.co/W0an5CGwqh

UK: https://t.co/i5ZVmZtotd

#vampire #newbooks #Vampires https://t.co/Wkr0W0atxB",1.311368094447788e+18
40,2020-09-30 18:08:20,hispachollos,"🌀 Oddworld Munch's Oddysee. #Amazon 🇪🇸

💶 Precio oferta: 19,99€ 💥 (PVP normal: 29,99€)

💳 Enlace: https://t.co/b9Lnnv5SD4

✨ 30 días gratis de Amazon Music Unlimited : https://t.co/dnJe9X8AvY

👁 Visto en Hispachollos
https://t.co/kTKSM9vkl1
#chollo",1.3113672875350303e+18
41,2020-09-30 18:10:13,CoolDealCA,"Best Selling TP- N300 WiFi Extender only $19.99!!

#freebies #deals #deal #moneysaver #greatdeal #steals #discount #sale #bargain #bargainshopper #cheap #bestprice #Amazon  #Deals #giveaway #Deal #ganga

 https://t.co/hRaWF9qksU https://t.co/cHm36UAQeS",1.3113677638150185e+18
42,2020-09-30 18:10:46,Fcsnva,"An #AlternateHistory of the #VietnamWar!
https://t.co/Z9JsbUn7er      #Smashwords #nook
https://t.co/SuGVsGjwJU     #Amazon  #kindle
#SciFi #AlternativeHistory #WhatIf #Fantasy #Novel #ebook",1.311367900964565e+18
43,2020-09-30 18:05:21,kana_ogawa,"【ホラー映画】ベスト10
オープン・ウォーター (字幕版) (Open Water)
https://t.co/mauX9Wor0I #Amazon",1.3113665400553308e+18
44,2020-09-30 18:08:08,CentSquare,#GoogleTV launched. Similar to #Amazon #FireTV,1.3113672405797192e+18
45,2020-09-30 18:05:00,HasenfangE,"Life is not just about waking up every day, repeating the same routine, working at the same place.

#erichasenfang #author #comingsoon #thestone #Believe #life #hustle #workhardplayharder #beproactive #journey #amazonbooks #books #Amazon",1.311366450326786e+18
46,2020-09-30 18:06:09,MobDica,"Alô amantes do Vinil!
A Amazon está com cupom de 10% de desconto em vários Discos de Vinil.
Como esse álbum duplo remasterizado da Dave Matthews Band.

Aproveite que acaba rapidinho:

https://t.co/ygDxbkCIR5

#DaveMatthewsBand #Vinil #CupomdeDesconto #Amazon https://t.co/TnsPxfI5CJ",1.3113667416673157e+18
47,2020-09-30 18:08:06,grabancijas,"#TechNews 

Stupid #Amazon, always looking for ways to turn the future into dystopian monstrosity. 

https://t.co/vKpCWrlzca",1.3113672288231465e+18
48,2020-09-30 18:11:00,Tarrako1162,"🔥CHOLLO! #Amazon | #Ropa

📢O'NEILL Pm Maneuver Quilt-mix #Chaqueta Hombre
TALLA M

Disponibles más tallas con rebajas

   ❌ Antes: 129,99€
   🔥 PRECIO OFERTA: 43,80€🔥 -66%
   🔰 Enlace: https://t.co/rRSHzvrfvL https://t.co/jcwn0gFFfW",1.3113679594581893e+18
49,2020-09-30 18:05:42,kana_ogawa,"【ホラー映画】ベスト10
アメリカン・サイコ (American Psycho)
https://t.co/KdAFCCIN79 #Amazon",1.3113666281273795e+18
,date,screen_name,tweet,tweet_id
0,2020-09-30 18:00:21,shinchaku,【発売日：2020/08/05】捨てられた皇妃　4 (ＦＬＯＳ　ＣＯＭＩＣ)  https://t.co/3aNHYKILXC #amazon,1.3113652816217047e+18
1,2020-09-30 18:01:39,SuperCholloss,"🏆⚡️ ¡TOP 20 OFERTAS DEL DÍA EN AMAZON! ⚡️ 🏆
✨ Mejores Ofertas #Amazon MIÉRCOLES 30 de SEPTIEMBRE de 2020

🔶 ¡ÚLTIMAS HORAS! ¿Todavía no has echado un vistazo a las mejores ofertas de hoy en Amazon?

👉 VER CHOLLOS: https://t.co/sGY9Firh2b https://t.co/UZO8l0HEqu",1.311365606730539e+18
2,2020-09-30 18:00:22,shinchaku,【発売日：2020/08/12】冒険者になりたいと都に出て行った娘がSランクになってた　【コミック版】　4　-黒髪の戦乙女- (アース・スターコミックス)  https://t.co/URU75iXZix #amazon,1.3113652830141563e+18
3,2020-09-30 18:00:38,CoolDealCA,"💲💰
Joopin Round Polarized Sunglas...
#New  price from $7
Coupon code: JOOPINUS

# #Deals #new #Deals #savings #Amazon  #Deal #ganga

 https://t.co/514D9QcSeO https://t.co/ROZwmT5Ixs",1.311365350051795e+18
4,2020-09-30 18:00:50,CoolDealCA,"Aroma Housewares 6-Cup Rice Cooker for $19.99!!

#freebies #deals #deal #moneysaver #greatdeal #steals #discount #sale #bargain #bargainhunter #cheap #bestprice #Amazon  #Deals #giveaway #Deal #ganga

 https://t.co/ExpLcPDjFF https://t.co/xS6nEnFQNx",1.311365403180966e+18
5,2020-09-30 18:03:08,SagarOriginal,Bc bs itna ameer hona h ki #Amazon cart me pade 20 me se 2 saaman to order kr hi lu,1.3113659791762022e+18
6,2020-09-30 18:00:31,dealnarwhal,Glade 2in1 Jar Candle Air Freshener $4.91 https://t.co/xr4fp68L1J at #Amazon https://t.co/R4gAYDz8xn,1.3113653205573714e+18
7,2020-09-30 18:01:48,hbasaran42,#casperturkiye #DestekCasper #VodafoneTR #VodafoneMedya #Trendyol #GittiGidiyor #hepsiburada #AlibabaGroup #n11com #amazon #SikayetvarCom #TketiciHaklar1 #sozluk #teknosa #FOXhaber #AHaber #HaberturkTV #ntv @ciceksepeti @mediamarkt_tr,1.3113656437242962e+18
8,2020-09-30 18:00:29,FlexiposUS,"Amazon has unveiled technology that lets shoppers at physical stores pay for their purchases by scanning the palm of their hands!

#business #businessowner #smallbusiness #payments #payment #amazon #tech #technology #sales #marketing 

https://t.co/6oV0dN6FVH",1.3113653128860385e+18
9,2020-09-30 18:04:28,LvdNoticias,"Una nueva forma de pago sin contacto llega a las tiendas físicas de #Amazon, ahora se podrá pagar con la palma de la mano
👇💰➡🖐🏪
https://t.co/fxxbVlf1lG",1.3113663149597368e+18
10,2020-09-30 18:00:25,majorgeeks,"New! Keepa for Chrome, Firefox, Edge, and Opera provides price history charts for millions of #Amazon products and can alert you when a price drops - https://t.co/3Pt2BIcu0y

#shopping #LifeHacks #savemoney https://t.co/CDvdTCESrH",1.311365296406618e+18
11,2020-09-30 18:00:22,shinchaku,【発売日：2020/09/18】自重しない元勇者の強くて楽しいニューゲーム 10 (ヤングジャンプコミックスDIGITAL)  https://t.co/94pMLelJg5 #amazon,1.311365284259922e+18
12,2020-09-30 18:01:14,paulanthonyspen,"#amazon #books #Cumbria 
#readers #police #truecrime #crimefiction #anthology
https://t.co/m8DuF6uXXe https://t.co/YIVocx9mNd",1.3113655025104773e+18
13,2020-09-30 18:03:02,lulhomietink,5 more weeks to go 💞🤰🏽Check out my Amazon Baby Registry! https://t.co/s8TUWSCA54 #Amazon,1.3113659559022223e+18
14,2020-09-30 18:01:01,MaxPowerDigita1,"Funda transparente de silicona para Xiaomi Redmi Note 7 y Note 7 Pro.
https://t.co/hlxjWcE5QP
#Xiaomi #Redmi #note7 #redminote7 #redminote7pro #note7pro #amazon #amazonprime #tecnologia #ofertas #rebajas #promociones #descuentos",1.3113654480852378e+18
15,2020-09-30 18:00:48,WS_Klass,#follow #BN #read #amazon #wrath #wsklass #klassproductions #author #nickzane #audiobook @audible https://t.co/Cy4tOgXw0p,1.311365394461057e+18
16,2020-09-30 18:00:22,yuki_nagase,"【ファンタジー映画】ベスト10
ナイト・オブ・ファンタジー
https://t.co/Vi0KhZEAZ4 #Amazon",1.3113652831146762e+18
17,2020-09-30 18:00:46,ItShouldBeYour,Phat Tommy Recycled Poly Resin Balcony Chair – Durable and Eco-Friendly Adirondack Armchair. This Pa https://t.co/hzHXcgFg6f #gifts #giftideas #shopping #household #holiday #blackfriday #thanksgiving #cybermonday @amazon #amazon https://t.co/uyAtgLvOXJ,1.3113653853971702e+18
18,2020-09-30 18:00:52,GuideCalculator,"Visit The Calculator Guide Store on #Amazon to discover products used, created or endorsed by https://t.co/IfwH3cNjGZ https://t.co/RwBfv7qm0Y https://t.co/GPxhVfwW37",1.311365410428719e+18
19,2020-09-30 18:00:32,yuki_nagase,"【ファンタジー映画】ベスト10
The Darkest Hour (字幕版)
https://t.co/gQmI1Gloxn #Amazon",1.3113653270249185e+18
20,2020-09-30 18:00:22,shinchaku,【発売日：2020/09/16】フィギュアスケートLife Extra「男子シングル列伝」 (扶桑社ムック)  https://t.co/1QrHFO29r8 #amazon,1.3113652855433175e+18
21,2020-09-30 18:00:28,ETTelecom,"ETTelecom | U.S. tech giants face curbs on data sharing, digital marketplaces, under draft EU rules #Facebook #Google #USTechGiants #AppleInc #Amazon #EuropeanCommission #DigitalServicesAct #EUCompanies #Internet https://t.co/2zjkRQWpL4",1.311365310130221e+18
22,2020-09-30 18:01:16,fezquerra27,"¡Sin palabras! en #Amazon LA MUCHACHA QUE TENÍA LÁGRIMAS EN LA MEMORIA ha alcanzado este precio: 297,00 Euros cuando su precio inicial era de 20 euros. https://t.co/fKr0IJ6R0f",1.3113655099050926e+18
23,2020-09-30 18:04:28,emailmanROCKS,"The #epic #fantasy Truth Teller is #FREE for EVERYONE! Yes, FREE FREE FREE! Not only is it FREE, it's #AWESOME. Check out the reviews. You can download it ANYWHERE in ANY format. What could possibly go wrong? #Amazon https://t.co/HsHvwRtuih #Smashwords https://t.co/QIXL2O2mwe #MG https://t.co/SwE8Egyqir",1.3113663160125604e+18
24,2020-09-30 18:03:15,INTsushinsha,"人を愛することができる、感謝することができるって、自分を幸せにしてくれるんです。同時に、なにごとにも一生懸命になれるようになります。
『小さな泡が世界の生活を変える』【Kindle版】
https://t.co/9Bfw334DPw #Kindle #amazon #電子ブック",1.3113660100169523e+18
25,2020-09-03 18:26:48,LenovoLegion,"Lenovo Legion x @PlayApex
Now is your chance to rise above the rest. 
Unmatched performance, purposeful engineering, modern design.
Gear up with a machine as savage as you are.
Stylish outside.
Savage inside.",1.301587465258578e+18
26,2020-09-30 18:00:27,Actualitech_fr,"Il est 20 heures et c’est le récap du jour :
- #Sonos  attaque #Google en justice pour violation d’un #brevet 
-Il est désormais possible de payer avec sa main dans certaines #boutiques physiques #Amazon https://t.co/lZopttbtah",1.3113653061708677e+18
27,2020-09-30 18:01:53,IP_BookServices,"#OpenSubmissions

CRUISIN' AROUND
Welcome aboard the OceanTides Cruise experience of a lifetime! There's no destination unimaginable.

#NewSeriesAlert #SignupsOpen
https://t.co/Enf3xzrsAJ

#CallingAllAuthors #IndieAuthors #MultiAuthor #MultiGenre #Series #Amazon #CruisinAround https://t.co/7vNHaQPD6J",1.311365664431575e+18
28,2020-09-30 18:01:10,creativemm12,"&lt;Current Weather&gt;
Chicago
Temperature: 64.17°F/ Status: clouds
👉https://t.co/2My2u7dpSY  #amazon👈
💯👉Auto Follower👈💯
💯👉#自動相互フォロー👈💯

#固定RT
#Disney
#Henrik #Lundqvist
#Helen #Reddy
#固定ツイートRT
#拡散希望RTお願いします
#f4f
#followermachine",1.3113654877296722e+18
29,2020-09-30 18:01:39,Marie_N_Vianco,"“Algunos recuerdos pueden ser tan dulces como un trozo de tarta de chocolate.” 
Sofía revivirá un amor de infancia a la velocidad de un sueño: “El recuerdo”
#Cuento nº 1 de #LosPequeñosRomances
#kindle
#PLA2020
#Amazon
#Leélo aquí  https://t.co/mVNFD6nin6
https://t.co/K8kfu9YObY https://t.co/PAHajV6om1",1.3113656082782945e+18
30,2020-09-30 18:00:32,TheInStockRoom,"***New Deal***
Joopin Round Polarized Sunglas...
New price from $7
Coupon code: JOOPINUS
https://t.co/tdFd6kn7ix
#Deals #newDeals #savings #Amazon https://t.co/cfboC8fLiq",1.3113653259051868e+18
31,2020-09-30 18:00:35,PCOSAA,Amazon Prime Day is about 2 weeks away.. October 13-14th! Make sure to bookmark and use this link: https://t.co/uXmpIEkkZs Amazon will donate .5% to PCOSAA! #pcosaa #donate #pcos #amazon #amazonprimeday https://t.co/BBi3cNKpHc,1.3113653398847816e+18
32,2020-09-30 18:01:00,Haidji,"Book Quote: ""Life is paradoxical, but I believe that..."" Click on  https://t.co/ryjczEkGgB #life #paradox #quoteoftheday #quotes #kindleunlimited #amazonbooks #amazon   #inspiration #haidji   #goodreads #books #read #reading #bookblogger #book https://t.co/gVkjnvMdTI",1.3113654433162568e+18
33,2020-09-30 18:01:18,GranCube,"For the future of Amazon Bezos👍🏻
#Algorand #Apple #amazon #Netflix #TESLA https://t.co/wAXwypgVz3",1.3113655202983936e+18
34,2020-09-30 18:01:40,OnlyGearBest,"🌟 [𝗢𝗻𝗹𝘆 𝗚𝗲𝗮𝗿𝗯𝗲𝘀𝘁] 🌟

🔊 Se Envía Desde España 50 Unidades Protección Facial Deshechable #amazon

🌍 Enlace: https://t.co/BAged2b8N9

Te esperamos en telegram: https://t.co/mPaN5u2fFj https://t.co/giOlHHyOM5",1.3113656116295475e+18
35,2020-09-30 18:00:27,yuki_nagase,"【ファンタジー映画】ベスト10
Brazil (字幕版)
https://t.co/un0ZF9YFTq #Amazon",1.3113653050424934e+18
36,2020-09-30 18:04:08,shreyashf,"There's a 99.99% chance that you won't be the next Jeff Bezos and build the next Amazon.
But the odds were the exact same for Bezos when he was trying to start Amazon.

In the end it all comes down to your perseverance.

#USA #Trump #WednesdayMotivation
#Amazon #JeffBezos",1.3113662317027287e+18
37,2020-09-30 18:00:56,Lionneverte,#Amazon https://t.co/dHPFXzJBRv,1.3113654286656184e+18
38,2020-09-30 18:03:14,XperienceDope,"Blasting Shake-A-Vel - Brooklyn Flex (Club) right now on Pretty Dope Xperience Radio aka #BlackPandora

listen now and catch a wave!! https://t.co/VqKFopeoex  #nowplaying #np #RT  #NowStreaming #Streema Download Now #Alexa #GooglePlay #iOSAppStore #Amazon #",1.3113660039605494e+18
39,2020-09-30 18:00:51,CoolDealCA,"#BenQ 1080P 24 Inch #Gaming Monitor for $114.99 After Prime Savings!!

#freebies #deals #deal #moneysaver #greatdeal #steals #discount #sale #bargain #bargainhunter #bargainshopper #cheap #bestprice #Amazon  #Deals #giveaway #Deal #ganga

 https://t.co/z3kiM0j9ZH https://t.co/DZejKhGU4R",1.3113654057647268e+18
40,2020-09-30 18:00:37,yuki_nagase,"【ファンタジー映画】ベスト10
眠れる森の美女(字幕版)
https://t.co/mZCs1hXDZ6 #Amazon",1.3113653488981402e+18
41,2020-09-30 18:00:21,shinchaku,【発売日：2020/09/10】コンプティーク 2020年10月号  https://t.co/UpEvOk6BEM #amazon,1.3113652801872527e+18
42,2020-09-30 18:02:03,Teikametrics,"@eComEngine Or if you prefer to read, Liz lays out all the new customer communications rules on our blog https://t.co/ZlykDSKOhs #reviews #Amazon",1.3113657077335777e+18
43,2020-09-30 18:00:43,yuki_nagase,"【ファンタジー映画】ベスト10
くるみ割り人形と秘密の王国 (吹替版)
https://t.co/Qq0IspDszU #Amazon",1.311365370729476e+18
44,2020-09-30 18:00:48,yuki_nagase,"【ファンタジー映画】ベスト10
ボビーとゴーストハンター,そして謎の幽霊船 (吹替版)
https://t.co/FTZcsZMQfR #Amazon",1.311365392745468e+18
45,2020-09-30 18:01:42,MenudoPaquete,"🌟 [𝗠𝗲𝗻𝘂𝗱𝗼 𝗣𝗮𝗾𝘂𝗲𝘁𝗲] 🌟

🔊 Se Envía Desde España 50 Unidades Protección Facial Deshechable #amazon

🌍 Enlace: https://t.co/L1jImfYEuL

Te esperamos en telegram: https://t.co/IbEojfZpa4 https://t.co/445tdEA6lG",1.311365619930067e+18
46,2020-09-30 18:00:56,dealnarwhal,O'Keeffe's Working Hands Hand Cream $5.56 https://t.co/P6TXgiZPB9 at #Amazon https://t.co/JLopDgfSWg,1.3113654271346893e+18
47,2020-09-30 18:01:41,reinadellowcost,"🌟 [𝗟𝗮 𝗿𝗲𝗶𝗻𝗮 𝗱𝗲𝗹 𝗟𝗼𝘄𝗰𝗼𝘀𝘁] 🌟

🔊 Se Envía Desde España 50 Unidades Protección Facial Deshechable #amazon

🌍 Enlace: https://t.co/ena08M7OMo

Te esperamos en telegram: https://t.co/Jxndx9pJCJ https://t.co/2Rj9UlTy5t",1.311365615865729e+18
48,2020-09-30 18:01:26,Nona4210,Everyday is Caterday T-Shirt https://t.co/2tu61E3HWn #Amazon #cat #caterday #pet #tshirt #saterday,1.311365551927763e+18
49,2020-09-30 18:00:55,joe_skid,"Last Chance! Would you like to win a $50 Amazon Gift Card or PayPal Deposit? Check out this easy entry Gleam giveaway for a chance to #WIN

Open Worldwide

@GooseGiveaways #wingiftcard #wincash #amazon #paypal #winmoney #sweepstakes #giveaways https://t.co/rAPTfV1S7j",1.3113654235653612e+18
,date,screen_name,tweet,tweet_id
0,2020-09-30 18:00:11,yuki_nagase,"【ファンタジー映画】ベスト10
どろろ
https://t.co/0Sl8GnwdWX #Amazon",1.311365239267455e+18
1,2020-09-30 17:57:45,9930_ganesh,",#WorldAnimalDayQuiz
#Amazon 
#AmazonQuiz https://t.co/ibHulCnDAw",1.3113646269116867e+18
2,2020-09-30 18:00:03,YabRock,Destiny / #EastMeetsWest https://t.co/rpH7DMpSE4 売上を被災地に寄付！ #Rock #アマゾン #Amazon #AmazonJP,1.311365206304383e+18
3,2020-09-30 17:57:21,paulanthonyspen,"#amazon #books 
#murder #mystery #readers #police #detective 
https://t.co/m8DuF6uXXe https://t.co/Is5MqSjBT8",1.3113645264330875e+18
4,2020-09-30 17:55:28,AmilineniS,"@AKGaudio Sent email with 2 observations. 
1. Lag in feedback channel
2. Noises that mic picks (very sensitive)

Pls take a look and respond back asap. Because return policy on #Amazon expires soon.",1.3113640527114732e+18
5,2020-09-30 18:00:16,yuki_nagase,"【ファンタジー映画】ベスト10
映画クレヨンしんちゃん　ヘンダーランドの大冒険
https://t.co/73niGMzDqj #Amazon",1.311365261174272e+18
6,2020-09-30 18:00:00,AlphaRepricer,"Alpha Repricer is now repricing Amazon UAE.
https://t.co/7Ujpgrf70K

#Amazon #AmazonRepricer #AlphaRepricer #OnlineSellers #bestRepricer #Amazonfba #Amazonsellertool #entrepreneur #fbasellers #uae #dubai #AbuDhabi #Sharjah #Ajman #AlAin #AmazonAE #Jumeirah https://t.co/cW0uAF3k9m",1.3113651925053194e+18
7,2020-09-30 17:57:17,bmurphypointman,#amazon #amazonprime #Amazonspecials #prime  Receive $10 in Bitcoin when you buy or sell $100 or more on Coinbase! https://t.co/viecZRz8la,1.311364509857198e+18
8,2020-09-30 18:00:01,yuki_nagase,"【ファンタジー映画】ベスト10
第8話 始まりの写真
https://t.co/KmpzjyFIzc #Amazon",1.311365194786861e+18
9,2020-09-30 18:00:21,SellerInteract,"Comment your Stress-O-Meter score down below. 
.
.
.
.
.
 #amazon #sellingonamazon #amazonfbasecrets #amazonfbaincome #ppcpro #amazonfbahustle #amazonbusiness #amazonfba #junglescout #helium10  #ecommercexpert #amazonproduct #ecommercelife #amazonsellermemes #amazonmemes https://t.co/kqBgp9MsQ3",1.3113652795748762e+18
10,2020-09-30 17:56:29,CoolDealCA,"💲💰
Baby Aspen Her Royal Hineys Se...
Reduced from $28.84 to $18.06

# #Deals #new #Deals #Amazon  #Deal #ganga

 https://t.co/huR6pWAsX1 https://t.co/3TnK1svxP2",1.3113643052590408e+18
11,2020-09-30 17:56:36,hispachollos,"🌀 Smartwatch IP67 Táctil Completa Reloj Inteligente Hombre Mujer Reloj de Fitness con Podómetro Cronómetros para iOS y Android - Negro.. #Amazon 🇪🇸

🕘 PRECIO FLASH: 25,49€

💶 Precio oferta: 29,99€ 💥

💳 Enlace: https://t.co/OlnrCXs2vL ...
https://t.co/77JPSoxoGs
#chollo",1.3113643384652882e+18
12,2020-09-30 17:57:48,paulanthonyspen,"#amazon #books 
#murder #mystery #readers #police #detective 
https://t.co/m8DuF6uXXe https://t.co/6Qhi0NaNyh",1.311364640090325e+18
13,2020-09-30 18:00:00,Haidji,"Book Quote: ""It is not that each one of us has the..."" Click on  https://t.co/PwWYpPEQmz #truth #quoteoftheday #quotes #kindleunlimited #amazon  #inspiration #haidji   #goodreads #books #read #reading #bookblogger https://t.co/HOxWToi43N",1.3113651911545815e+18
14,2020-09-30 17:57:00,Haidji,"Book Quote: ""Sometimes she liked to be a little bit..."" Click on  https://t.co/dtJDiKqYaD #crazy #mad #quoteoftheday #quotes #kindleunlimited #bookquotes #read #ebook #ku  #paperback #amazon  #inspiration #haidji #goodreads #books #read #reading #BookBoost #book https://t.co/GuVHlShFB3",1.3113644362469786e+18
15,2020-09-30 17:58:43,BuySpry,"@AmazonHelp @AmazonHelp @Amazon 

https://t.co/8OmsyrvP0j

#Amazon is clearly are allowing other sellers to unfairly manipulate their marketplace. This for example is misleading to customers and promotes a seller unfairly. This specific listing we have filed support tickets for, no fix...",1.3113648684827648e+18
16,2020-09-30 18:00:20,davefolsombooks,Read Big Sky Dead? It's a new Charlie Draper thriller available now on #Amazon Kindle or paperback. - https://t.co/gmbBWv3cUm,1.3113652772596285e+18
17,2020-09-30 17:58:48,SSanfederico,"@GuadaVazquez4 Te envío el enlace, por si quieres echarle un vistazo. 
LA ISLA DE ÁRUM 
De @SSanfederico
En #Amazon https://t.co/w82t8RIYpp",1.311364889664e+18
18,2020-09-30 17:56:57,saleago7253246,Check Out Your Chance To WIN a $50 #AMAZON #GIFTCARD! #FREEBOOKS #KINDLEUNLIMITED https://t.co/R1lb0wzL9d,1.3113644227372974e+18
19,2020-09-30 17:59:35,kakicchysmusic6,https://t.co/MaMFRamliO: SomeDay: kakicchysmusic: MP3 Downloads https://t.co/dFi2siyzlZ #Amazon #Prime,1.3113650862592369e+18
20,2020-09-30 18:00:19,shinchaku,【発売日：2020/09/12】スライム倒して300年、知らないうちにレベルMAXになってました 7巻 (デジタル版ガンガンコミックスONLINE)  https://t.co/jGR4XETKq0 #amazon,1.3113652714000876e+18
21,2020-09-30 18:00:20,shinchaku,【発売日：2020/09/23】相談役　島耕作（２） (モーニングコミックス)  https://t.co/bYwt6r52h0 #amazon,1.3113652753260544e+18
22,2020-09-30 17:55:49,beeeeeeeeeeebs,They should put this on Trump during the next debate https://t.co/Mr4rmS1V98 #Amazon,1.3113641384389263e+18
23,2020-09-30 17:56:14,lemoncsbsi,"24 Pockets - SimpleHouseware Crystal Clear Over The Door Hanging Shoe Organizer, Gray (64'' x 19'') https://t.co/9Lcm5yHAK8 via @pinterest 
https://t.co/FBkJLFG3iV

#Amazon #Amazonproduct #onlineshop  #Marketing #socialmedia #digitalmarketing #onlinemarketing #business  #seo",1.3113642433677107e+18
24,2020-09-30 17:56:59,SexyViking21,"Check out amazing pirate fantasy series from this amazing Author.
Available on Amazon, Barnes &amp; Noble, Good Reads.
Author Link: https://t.co/hg6zUxm0J8
@irishvixen21

#WritingCommunity #writerslift #PirateVixenSeries #Pirates #Ebook #Amazon #BarnesandNoble #Goodreads #iTunes https://t.co/jGg0ISObpu",1.311364432635687e+18
25,2020-09-30 17:56:07,XperienceDope,"Blasting Snoop Dogg - I Wanna Go Outside (Club) right now on Pretty Dope Xperience Radio aka #BlackPandora

listen now and catch a wave!! https://t.co/VqKFopeoex  #nowplaying #np #RT  #NowStreaming #Streema Download Now #Alexa #GooglePlay #iOSAppStore #Amazon #",1.3113642165788877e+18
26,2020-09-30 17:58:19,paulanthonyspen,"#amazon #books 
#murder #mystery #readers #police #detective 
https://t.co/m8DuF6uXXe https://t.co/VYk0a5xxg5",1.3113647679662858e+18
27,2020-09-30 18:00:17,buybooks_amazon,"#BestBooks #Amazon #Leadership : RETIRE INSPIRED: IT'S NOT AN AGE, IT'S A FINANCIAL NUMBER --&gt; https://t.co/GPjZETkIW6",1.311365264907223e+18
28,2020-09-30 17:58:50,ykswld,Amazonギフト券- Eメールタイプ ...今売れています！https://t.co/W45szXtYIC #follow #sougo #Amazon #アマゾン,1.3113649003594138e+18
29,2020-09-30 18:00:19,ageoutloud,"A lot of us are doing more online shopping these days. Did you know that when you shop from home at https://t.co/Rh21hya9Xf, AmazonSmile donates to the Hannan Center?! Use this link when you’re shopping - it’s that easy!

#HannanCenter #detroit #olderadults #amazon #amazonsmile https://t.co/MTunpuWsqL",1.3113652703180677e+18
30,2020-09-30 17:58:00,robertstanek,"Celebrate William Robert Stanek with us!

40 years of writing!
35 years of books
25 years of publishing

#newsday #bostonglobe #forbes #newsweek #fortunemagazine #business
#nytimes #nytimesbooks #seattletimes #oregonian #newyorkpost #startribune
#amazon #goodreads #books https://t.co/fVPyE74YGw",1.3113646879052227e+18
31,2020-09-30 17:57:01,CoolDealCA,"Get those Amazon purchases 🎁shipped faster for free 
One month #free #Amazon Prime trial
6 month 👀 free for students
click for details
https://t.co/vkCEWOmxOz https://t.co/SZXyWQAJ4A",1.3113644435410452e+18
32,2020-09-30 18:00:11,paulanthonyspen,"#amazon #books #Cumbria 
#readers #police #truecrime #crimefiction #anthology
https://t.co/m8DuF6uXXe https://t.co/XXnr83KG5x",1.311365238734848e+18
33,2020-09-30 18:00:20,shinchaku,【発売日：2020/09/11】犬と猫どっちも飼ってると毎日たのしい（５） (パルシィコミックス)  https://t.co/X82eyMYHIF #amazon,1.3113652766262272e+18
34,2020-09-30 18:00:11,XperienceDope,"Blasting Redman - Its A Banguh right now on Pretty Dope Xperience Radio aka #BlackPandora

listen now and catch a wave!! https://t.co/VqKFopeoex  #nowplaying #np #RT  #NowStreaming #Streema Download Now #Alexa #GooglePlay #iOSAppStore #Amazon #",1.3113652372837376e+18
35,2020-09-30 17:58:43,paulanthonyspen,"#amazon #books 
#murder #mystery #readers #police #detective 
https://t.co/m8DuF6uXXe https://t.co/uHkBjxejhP",1.3113648695774945e+18
36,2020-09-30 18:00:06,yuki_nagase,"【ファンタジー映画】ベスト10
グレイ・ガーデンズ (字幕版)
https://t.co/qiguXrISBr #Amazon",1.3113652170753884e+18
37,2020-09-30 17:57:11,frankjs14,📷 #Borderlands #LegendaryCollection #Nintendo #Switch #NintendoSwitch #NSW #GearboxSoftware #2K #2Kgames #TakeTwoInteractive #Borderlands2 #BorderlandsThePreSequel #Shooter #Geek #Collection #Collector #Videogames #Gaming #Amazon (at... https://t.co/dzEtwrYOEm,1.3113644839488717e+18
38,2020-09-30 18:00:19,shinchaku,【発売日：2020/09/07】ゆるふわ農家の文字化けスキル　～異世界でカタログ通販やってます～ 2巻 (デジタル版ガンガンコミックスＵＰ！)  https://t.co/mRRNaD0oGL #amazon,1.3113652727926907e+18
39,2020-09-30 17:59:31,paulanthonyspen,"#amazon #books #Cumbria 
#readers #police #truecrime #crimefiction #anthology
https://t.co/m8DuF6MyOM",1.3113650709919416e+18
40,2020-09-30 18:00:00,AH0RRAC0M0NUNCA,"#SEKIRO que te convence esta #OFERTA

👹 #SekiroShadowsDieTwice a buenos precios:

🕹️ #PS4 a ¡31,99 💶! 🔗 https://t.co/awj87WJOZi

🕹️ #XboxOne a ¡33,99 💶! 🔗 https://t.co/hGvGqqPUls

✅ #Acción-#RPG
🌐 #FromSoftware
📦 Envío #gratis en #Amazon

#SoulsLike #gaming https://t.co/e9GG4aVO6b",1.3113651919306506e+18
41,2020-09-30 17:57:50,nisar_rayadurg,"Customers may find such #contactfree entry and #payment #technology convenient, and businesses, which are increasingly looking to technological solutions to navigate the #pandemic, may also find it appealing! #Amazon #AmazonOne https://t.co/JWEN0GuZ5g",1.3113646464277914e+18
42,2020-09-30 18:00:21,shinchaku,【発売日：2020/08/15】ティアムーン帝国物語～断頭台から始まる、姫の転生逆転ストーリー～＠COMIC２ (コロナ・コミックス)  https://t.co/kRKLXXBfQf #amazon,1.3113652788534108e+18
43,2020-09-30 17:56:22,TheInStockRoom,"***New Deal***
Baby Aspen Her Royal Hineys Se...
Reduced from $28.84 to $18.06
https://t.co/U8Edry8QqR
#Deals #newDeals #Amazon https://t.co/zvFhZVjc2c",1.3113642798877123e+18
44,2020-09-30 17:57:43,FlashTweet,"1️⃣🌐[#ALaUne] #Amazon va vous permettre de payer avec la paume de votre main https://t.co/K12sf0gw8d v/ @CNBC

💬Le géant du #ecommerce adapte le paiement #1Click au #retail et aide à limiter les contacts physiques

#Tech #Innovation #COVID19 
#FlashTweet⚡️ https://t.co/JPP2Ydl8ru",1.3113646190307287e+18
45,2020-09-30 17:55:53,Wellington_Tds,"AWS / Amazon down?
#AWS #Amazon #down",1.3113641547253678e+18
46,2020-09-30 18:00:00,BaratoDeVerdad,"#SEKIRO que te convence esta #OFERTA

👹 #SekiroShadowsDieTwice a buenos precios:

🕹️ #PS4 a ¡31,99 💶! 🔗 https://t.co/YouFQCxk3G

🕹️ #XboxOne a ¡33,99 💶! 🔗 https://t.co/FAbmGD4Lvi

✅ #Acción-#RPG
🌐 #FromSoftware
📦 Envío #gratis en #Amazon

#SoulsLike #gaming https://t.co/T0cCYzk0On",1.3113651938180915e+18
47,2020-09-30 17:57:06,rakten_kaden_,"10/01 02:57

シービージャパン 小型洗濯機　（洗濯0．6kg）「
【楽天】7470円
【Amazon】8800円

★楽天で購入すると★
 1330円 お得（お得率18％）

↓お得な情報を一覧で確認出来るサイト
https://t.co/kMQYxgL6Rh

#楽天市場 #Amazon #お得 #せどり https://t.co/hzMqxBXclP",1.311364462222295e+18
48,2020-09-30 18:00:00,AlphaRepricer,"Need a repricer that is fast yet cheap? It's your time to decide!

https://t.co/qdkblCvyc8

#Amazon #AmazonRepricer #AlphaRepricer #OnlineSellers #cheapestrepricer #entrepreneur 
 #AmazonSellers #FBA  #USA #California #NewYork #Washington #Virginia #Texas #LosAngeles",1.3113651912259297e+18
49,2020-09-30 17:57:21,bmurphypointman,#amazon #amazonprime #Amazonspecials #prime Receive $10 in Bitcoin when you buy or sell $100 or more on Coinbase! https://t.co/vseuAfL5WB https://t.co/LcplckonSz,1.311364524868604e+18
,date,screen_name,tweet,tweet_id
0,2020-09-30 17:52:29,XperienceDope,"Blasting YG - Who Do You Love right now on Pretty Dope Xperience Radio aka #BlackPandora

listen now and catch a wave!! https://t.co/VqKFopeoex  #nowplaying #np #RT  #NowStreaming #Streema Download Now #Alexa #GooglePlay #iOSAppStore #Amazon #",1.3113632998465618e+18
1,2020-09-30 17:51:16,roufworking,"@boohooMAN @IamJBuzor @burnaboy Grow sales and Improve your ecommerce marketing efforts with services that support Amazon, Ebay, Etsy, Shopify and more. #ecommerce  #Amazon #Shopify 
https://t.co/rR92byxjQl",1.311362992802427e+18
2,2020-09-30 17:49:32,DigitalTrendsEs,#Amazon #amazonexplore El nuevo servicio ofrece una serie de experiencias a través de videos en línea https://t.co/R1vrw72WdC,1.311362558683525e+18
3,2020-09-30 17:54:00,evantagestore,"Advertise your Amazon business with Our #AmazonPPCexpert. We deliver well-researched keyword-optimized with an extensive data analysis #Amazon #PPC campaigns. 👉https://t.co/PAZ5QNbPbh

#amazonppcagency #ppc #amazonppc #ecommerce #ecommercestores #onlinemarketplaces #amazonseller",1.3113636815366676e+18
4,2020-09-30 17:54:57,GDgeek,Pssst. #GoodOmens (BD) [Blu-ray] https://t.co/JM8q5DazrI #Amazon,1.3113639195213046e+18
5,2020-09-30 17:50:50,roufworking,"@KaylaSzydlo Grow sales and Improve your ecommerce marketing efforts with services that support Amazon, Ebay, Etsy, Shopify and more. #ecommerce  #Amazon #Shopify 
https://t.co/rR92byxjQl",1.3113628836457021e+18
6,2020-09-30 17:51:00,Haidji,"Book Quote: ""...she could feel, what he was thinking..."" Click on  https://t.co/FeNyCq15E0 #quoteoftheday #quotes #kindleunlimited #amazonbooks #amazon   #inspiration #haidji   #goodreads #books #read #reading #bookblogger #book https://t.co/0RyRcSKyyx",1.3113629264484884e+18
7,2020-09-30 17:55:00,MNieweglowski,"Amazon isn't https://t.co/ZD4PDVLMLb, only. #amazon #ecommerce https://t.co/GlR2dzZOhg",1.3113639330898534e+18
8,2020-09-30 17:54:18,HighBanana,"Trade unions urge EU to investigate #Amazon effort to spy on workers.
@amazon had advertised job roles ""investigating the threat of organised labour against the company"".

Could this be yet another reason to #BoycottAmazon ?

@AmazonNewsUK @MyAmazonUK 

https://t.co/tm61uKz6G1",1.3113637573193523e+18
9,2020-09-30 17:52:05,KatyPto,"#Amazon updated its app and it’s easier to use #AmazonSmile!
¡Amazon se actualizó y ahora es más fácil usar AmazonSmile!
Amazon 更新了其应用程序，并更轻松地使用AmazonSmile!
#iltexaskatypto #fundraising https://t.co/FCgLU3lxvt",1.3113631988561674e+18
10,2020-09-30 17:50:30,monicasweet,#Amazon must shut this down now. #Shameful https://t.co/mwFyYJOGfD,1.3113628019279913e+18
11,2020-09-30 17:54:09,Nanteshype,#Amazon dépose un projet de plateforme de 1 000 emplois au sud de #Nantes  #Vendée https://t.co/MBFVqYzw0Q via @ouestfrance https://t.co/UsGiIbzWxr,1.3113637185346314e+18
12,2020-09-30 17:54:50,iatranshumanism,#Amazon lance la #biométrie palmaire #AmazonOne #empreintepalmaire #cloud https://t.co/Q41qyHQXGy,1.311363893806035e+18
13,2020-09-30 17:49:16,XperienceDope,"Blasting Post Malone, DaBaby - Enemies (Club) right now on Pretty Dope Xperience Radio aka #BlackPandora

listen now and catch a wave!! https://t.co/VqKFopeoex  #nowplaying #np #RT  #NowStreaming #Streema Download Now #Alexa #GooglePlay #iOSAppStore #Amazon #",1.3113624915832136e+18
14,2020-09-30 17:49:53,breachmanagers,"I am not yet sure how I feel about this. 

https://t.co/ixfOBA1kdV

#cybersecurity #amazon #commerce https://t.co/Y03yEplM7q",1.3113626444992143e+18
15,2020-09-30 17:49:17,chollosyoferta,"#Chollo #Amazon 70% DESCUENTO Cébé S'Trike Gafas, Unisex niños, Azul (Matt Blue), S

Precio oferta: 32,82
Reacondicionado: 9,72

    👇👇👇👇👇👇👇
👉 https://t.co/Cmifoc234h https://t.co/oJ3Xi5DzTs",1.3113624938691543e+18
16,2020-09-30 17:50:25,alaa_express,Simplee Warm winter faux fur coat women Fashion streetwear large sizes long coat female Pink casual autumn coat outerwear 👉https://t.co/sosC1a6HMz👈 #dubai #usa #sales #offer #amazon #ebay #alixpress #fashion #style #saudi https://t.co/BnAJnXybW2,1.3113627790480998e+18
17,2020-09-30 17:55:20,jen_r_horn,GIVEAWAY! Enter to #win a $10 #Amazon gift card? Go enter the #giveaway daily for your chance to win from @thatsjustjeni Go enter   https://t.co/UBoPnTC57p,1.311364016137175e+18
18,2020-09-30 17:50:36,hispachollos,"🌀 25 en 1 Destornilladores Precisión,Juego de Destornilladores,Herramientas Desmontar Kit de Reparación para Smartphone,PC, Xbox,Cámara,Reloj,Tablet PC,Gafas. #Amazon 🇪🇸

🕘 PRECIO FLASH: 7,64€

💶 Precio oferta: 8,99€ 💥

💳 Enlace: htt ...
https://t.co/Xcp1Yzzp4L
#chollo",1.3113628278070682e+18
19,2020-09-30 17:51:02,roufworking,"@amnestyusa @realDonaldTrump Grow sales and Improve your ecommerce marketing efforts with services that support Amazon, Ebay, Etsy, Shopify and more. #ecommerce  #Amazon #Shopify 
https://t.co/rR92byxjQl",1.3113629343800033e+18
20,2020-09-30 17:55:00,Haidji,"Book Quote:""Life is just a class filled full with...."" Click on  https://t.co/cgpIWe0qD1 #life #quoteoftheday #quotes #kindleunlimited #amazon  #inspiration #haidji   #goodreads #books #read #reading #bookblogger https://t.co/wUmEBqnG9A",1.3113639331739607e+18
21,2020-09-30 17:54:23,BharatBullsIN,"When #amazon was 1680 in March-20, only one handle gave a forecast of 3350 by Sep-2020. 

It achieved it well in advance on 7-July,  we now have a upward forecast of 4200-5500 for Nov-2020 TOP.",1.311363777556738e+18
22,2020-09-30 17:48:27,fandompost,Netflix Developing '#Conan' Series - https://t.co/sE0eozYLiT #Amazon #news https://t.co/S1kKwGzPvI,1.3113622838559867e+18
23,2020-09-30 17:47:54,YaddaYodaYadda,"#Avis, #Whirlpool, #GeneralMotors, #Jetblue, #Delta, #Amazon, #Netflix, #Chevron, #Amazon, #LeviStrauss, and hundreds of others.

Corporate tax avoidance: Which companies are paying little to no taxes or even getting a #rebate from #taxpayers:

https://t.co/ECZA767Og6",1.311362147721474e+18
24,2020-09-30 17:48:38,roufworking,"@ImAllexx Grow sales and Improve your ecommerce marketing efforts with services that support Amazon, Ebay, Etsy, Shopify and more. #ecommerce  #Amazon #Shopify 
https://t.co/rR92byxjQl",1.311362332614746e+18
25,2020-09-30 17:51:41,roufworking,"@JamesMelville @BoomBiniman Grow sales and Improve your ecommerce marketing efforts with services that support Amazon, Ebay, Etsy, Shopify and more. #ecommerce  #Amazon #Shopify 
https://t.co/rR92byxjQl",1.3113631009441341e+18
26,2020-09-03 18:26:48,LenovoLegion,"Lenovo Legion x @PlayApex
Now is your chance to rise above the rest. 
Unmatched performance, purposeful engineering, modern design.
Gear up with a machine as savage as you are.
Stylish outside.
Savage inside.",1.301587465258578e+18
27,2020-09-30 17:54:51,flyindiana,"#Walmartt unveils new store design inspired by #Amazon and #airports"" https://t.co/hkUMEHKmIN",1.3113638978537021e+18
28,2020-09-30 17:53:39,creativemm12,"#BeLoved の BeLoved セクシーナース服 コスプレ セクシー ランジェリー Tバック付き 三点セットセクシーコスチューム衣装 看護婦服 セクシーな胸開きチャイナドレス
https://t.co/BSGSU7qWqT 
#followermachine
#온라인셀러
#amazon
#Hugh #Jackman
#Ascension #Island
#天文台",1.3113635933973996e+18
29,2020-09-30 17:50:43,roufworking,"@WhiteHouse @realDonaldTrump @SecAzar Grow sales and Improve your ecommerce marketing efforts with services that support Amazon, Ebay, Etsy, Shopify and more. #ecommerce  #Amazon #Shopify 
https://t.co/rR92byxjQl",1.3113628565379154e+18
30,2020-09-30 17:51:06,linkcontentpro,"💻 Si tienes una web con afiliación en #Amazon u otros 🛒 marketplaces como #Aliexpress o #Ebay, 👀 este artículo te interesa leerlo.

✅ https://t.co/9GJMQRJ6JE

#afiliación #afiliacionAmazon #ventas https://t.co/fMb5STGEr5",1.3113629535984476e+18
31,2020-09-30 17:48:27,TheInStockRoom,"***New Deal***
Ousfot Solar Security Light
Reduced from $29 to $20
Coupon code: 30QOY51L
https://t.co/JWtmSPjGm0
#Deals #newDeals #savings #Amazon https://t.co/D3Kw8SnAS6",1.3113622868886528e+18
32,2020-09-30 17:51:04,ph11n70,"Com preço de #Netflix, #Disney+ causa esvaziamento no catálogo da #Amazon  https://t.co/Y4eNpmFSts",1.311362944450601e+18
33,2020-09-30 17:55:13,memyself_n_boo,Good ol #amazon @AmazonHelp https://t.co/dVSTADfMaz,1.3113639892139377e+18
34,2020-09-30 17:52:59,1GirlRevo,"✨LISTEN to these INSPIRING women ✨⁣⁣

The 1 Girl Revolution podcast is available on #iTunes, #Spotify, #Stitcher, #Amazon, #iHeartRadio, and anywhere you find your podcasts! ⁣ https://t.co/DGBQzRacef",1.3113634281420022e+18
35,2020-09-30 17:47:55,roufworking,"Grow sales and Improve your ecommerce marketing efforts with services that support Amazon, Ebay, Etsy, Shopify and more. #ecommerce  #Amazon #Shopify 
https://t.co/rR92byxjQl https://t.co/BArDWGj4J2",1.3113621500786606e+18
36,2020-09-30 17:55:00,shadowconn,"The Emotional Craft of Fiction: How to Write the Story Beneath the Surface

https://t.co/wSBpR14Gok

#amazon @amazon #fiction #writing",1.3113639326873395e+18
37,2020-09-30 17:47:44,Stinger_G_3,"住宅ローンの強化書 田中 伸
https://t.co/W3BVbNiWXi
amazonJPさんから
#amazon
#ビジネス
#経済
#経営
#住宅ローンの強化書",1.3113621049018163e+18
38,2020-09-30 17:50:34,ChikoCfM,"Check out this list 4 Star  Recommended Lighting Equipment for Video RecordingVlogging  from Chiko's Store https://t.co/KuAsMDo7hd @amazon 

#InfluencerMarketing #entrepreneurs #DigitalMarketing #womenintech #vlogger #Amazon",1.3113628172835676e+18
39,2020-09-30 17:48:25,ChrisBeveridge,Netflix Developing '#Conan' Series - https://t.co/yqDwUptDYf #Amazon https://t.co/JqXW9KaJbZ,1.311362279372329e+18
40,2020-09-30 17:49:51,linkcontentpro,"🔎 Debido a que el algoritmo de #Amazon se basa en un posicionamiento orgánico, es decir, que no requiere de pago por publicidad, es más fácil poner en práctica estrategias #SEO.

¡Conócelas en nuestro último artículo y 📈 empieza a vender en Amazon!

✅ https://t.co/ae32Wqvo0w https://t.co/kzfBKsHJff",1.311362636316119e+18
41,2020-09-30 17:50:55,elimontof,#Amazon dépose un projet de plateforme de 1 000 emplois au sud de #Nantes https://t.co/AfGHkjh9vj,1.3113629080315372e+18
42,2020-09-30 17:55:04,sohag7862,"Do you need #custom #T_shirt #design so please contract Now: https://t.co/tgfYglauld

#hellowing #tshirt #summer #Amazon #dog #cat  #typography #corgi #Corgilover #fishing #gym #cat_lover #dog_lover #fish_lover #trump_2020 #followback #funny #pets #girls #spa #beutiful #love #pet https://t.co/85TEFazcjp",1.3113639504249324e+18
43,2020-09-30 17:48:39,HollyMergogey,"80% off code: JFY5LC7U
Was $3.79 now $0.76
Great for crafts or people that make face coverings
#ad #code
Start Date09/29/202011:00 PMPDT
End Date10/05/202011:59 PMPDT
#code #amazon #Amazoncode #sale #deal #mask #crafts 

https://t.co/4ySKKVEliC",1.3113623351943864e+18
44,2020-09-30 17:51:21,roufworking,"Grow sales and Improve your ecommerce marketing efforts with services that support Amazon, Ebay, Etsy, Shopify and more. #ecommerce  #Amazon #Shopify 
https://t.co/rR92byxjQl https://t.co/j4petEIz4i",1.311363016747696e+18
45,2020-09-30 17:48:12,hufflepuffgrl13,Enter for a chance to #win a $50 #Amazon #giftcard and a #paperback from #USAT #bestselling #author @EvaPohler https://t.co/Lr9xsXePRf,1.3113622235462615e+18
46,2020-09-30 17:48:29,CoolDealCA,"💵💰

Ring Solar Floodlight Starter Kit for $87.99, #retail $139.98!!

15% cash back with #Amazon  Prime credit card! #Deal #ganga

 https://t.co/7T2Pu3GBW9 https://t.co/Pyr0Z1Hk0L",1.3113622933101404e+18
47,2020-09-30 17:48:33,CoolDealCA,"💲💰
Ousfot Solar Security Light
Reduced from $29 to $20
Coupon code: 30QOY51L

# #Deals #new #Deals #savings #Amazon  #Deal #ganga

 https://t.co/FdnneAUpcj https://t.co/KXDPbRzRKk",1.3113623108884603e+18
48,2020-09-30 17:51:00,Haidji,"Book Quote: ""In the middle of the night, somewhere..."" Click on  https://t.co/oavjmMxxrm #life  #quoteoftheday #quotes #kindleunlimited #amazon  #inspiration #haidji   #goodreads #books #read #reading #bookblogger https://t.co/KHPA6Gg6I8",1.311362926327083e+18
49,2020-09-30 17:52:05,rakten_kaden_,"10/01 02:52

空気清浄機 シャープ SHARP 加湿器 プラズマ
【楽天】18980円
【Amazon】19029円

★楽天で購入すると★
 49円 お得（お得率0％）

↓お得な情報を一覧で確認出来るサイト
https://t.co/kMQYxgL6Rh

#楽天市場 #Amazon #お得 #せどり https://t.co/mQ7BYAArFV",1.3113632021108204e+18
,date,screen_name,tweet,tweet_id
0,2020-09-30 17:45:37,ann_taylorrr,"Always assign your project to top experts and stay relaxed. Fiverr is a standout #Freelancers platform, order your project and get best. #website #GraphicDesigner #programmer #emailmarketing #videoanimation #crowdfunding #amazon #producthunting #salescopy https://t.co/txku4DVzIx",1.3113615730810184e+18
1,2020-09-30 17:40:04,TheFitnessTime1,"If You Like To Purchase A Vehicle Online, Check Out #Amazon By Clicking My Link Now ! Visit My #Ebay #Vehicle Website At  https://t.co/aePmrMKanM https://t.co/3Om7LVfR6Y",1.3113601761597071e+18
2,2020-09-30 17:46:36,OnlyGearBest,"🌟 [𝗢𝗻𝗹𝘆 𝗚𝗲𝗮𝗿𝗯𝗲𝘀𝘁] 🌟

🔊 Memoria USB 64GB, SAWAKE Flash Drive USB 3.0, Mini Pendrive LED Multicolor Brillando, Memory St #amazon

🌍 Enlace: https://t.co/u980yTljby

Te esperamos en telegram: https://t.co/mPaN5u2fFj https://t.co/ABJz2W1sa4",1.311361818489688e+18
3,2020-09-30 17:42:27,XperienceDope,"Blasting Jonn Hart, Sage The Gemini - Pledge Allegiance (Club) right now on Pretty Dope Xperience Radio aka #BlackPandora

listen now and catch a wave!! https://t.co/VqKFopeoex  #nowplaying #np #RT  #NowStreaming #Streema Download Now #Alexa #GooglePlay #iOSAppStore #Amazon #",1.311360773910913e+18
4,2020-09-30 17:41:00,Haidji,"Book Quote: ""Some days the world is no more or less..."" Click on  https://t.co/r3D5MDbhH2 #weird #world   #quoteoftheday #quotes #kindleunlimited #amazon  #inspiration #haidji   #goodreads #books #read #reading #bookblogger https://t.co/8v4K7AFRsx",1.3113604096732406e+18
5,2020-09-30 17:46:38,MenudoPaquete,"🌟 [𝗠𝗲𝗻𝘂𝗱𝗼 𝗣𝗮𝗾𝘂𝗲𝘁𝗲] 🌟

🔊 Memoria USB 64GB, SAWAKE Flash Drive USB 3.0, Mini Pendrive LED Multicolor Brillando, Memory St #amazon

🌍 Enlace: https://t.co/PlRtDdyxqk

Te esperamos en telegram: https://t.co/IbEojfZpa4 https://t.co/RCuOSfzKDI",1.3113618265805578e+18
6,2020-09-30 17:45:14,CoolDealCA,"#iPhone Charger MFi Certified Lightning Cable 5-Pack for $8.99!!

#freebies #deals #deal #moneysaver #greatdeal #steals #discount #sale #bargain #bargainhunter #cheap #bestprice #Amazon  #Deals #giveaway #Deal #ganga

 https://t.co/dzvFWIUdpU https://t.co/i01sfXbyVg",1.311361474841981e+18
7,2020-09-30 17:40:03,Lapequenaasia,"360ºx2 Nivel Láser con Autonivelación, Tacklife SC-L04, 30M, Inclinación, línea vertical y horizontal #autonivelante
Precio: 7️⃣2️⃣€
#Amazon

👉https://t.co/iI8aPGYVrn https://t.co/k4pseoUziW",1.3113601723260355e+18
8,2020-09-30 17:39:59,ExerciseYoga,"If You Like To Purchase A Vehicle Online, Check Out #Amazon By Clicking My Link Now ! Visit My #Ebay #Vehicle Website At  https://t.co/HFXKwk5zaZ https://t.co/ShK1cJQkWV",1.311360154219225e+18
9,2020-09-30 17:39:36,Quiroffe,Amazon dépose un projet de plateforme de 1 000 emplois au sud de Nantes #Nantes #Amazon #Montbert @OuestFrance https://t.co/VV48Nr68Tp https://t.co/7XlY6JB9R9,1.3113600579851756e+18
10,2020-09-30 17:42:13,creativemm12,"👉https://t.co/xp0vIw8hrW #amazon👈
💯👉Auto Follower👈💯
💯👉#自動相互フォロー👈💯

#FollowBack
#NPR
#Henrik #Lundqvist
#Helen #Reddy
#TFW
#FollowNGain
#RT企画
#followtrick
#TeamFollowback
#拡散希望RTお願いします
#bts
#seventeen",1.3113607188647485e+18
11,2020-09-30 17:42:25,miumiuMH,"#のぶみ さんが100人以上もの『胎内記憶』をお持ちのお子さんと話されて出来た作品。たくさんのお母さんに読んで欲しいです(๑&gt;◡&lt;๑)

#このママにきーめた! 
https://t.co/KONPnPRwmp #Amazon",1.311360766029656e+18
12,2020-09-30 17:39:51,AncapGroup,#Compañía #LLC #Empresa #Emprendedor #Emprendedores #CuentaBancaria #Empresarial #Ecommerce #Amazon #YouTube #PayPal #Trading #Invertir #Inversiones #RealEstate #Propiedades #Privacidad #Servicios #Online #Offshore #ParaísoFiscal #EstadosUnidos #USA #Wyoming #AnCapGroup,1.3113601222712689e+18
13,2020-09-30 17:43:09,TeresaDalman,"Last Chance! Would you like to win a $50 Amazon Gift Card or PayPal Deposit? Check out this easy entry Gleam giveaway for a chance to #WIN

Open Worldwide

@GooseGiveaways #wingiftcard #wincash #amazon #paypal #winmoney #sweepstakes #giveaways https://t.co/vw7tmxhzWV",1.3113609500169912e+18
14,2020-09-30 17:44:35,abdurroufbd,"@realDonaldTrump @0ldManStoneZone Grow sales and Improve your ecommerce marketing efforts with services that support Amazon, Ebay, Etsy, Shopify and more. #ecommerce  #Amazon #Shopify 
https://t.co/lw8Fr4gMmh",1.311361311167533e+18
15,2020-09-30 17:42:02,abdurroufbd,"Grow sales and Improve your ecommerce marketing efforts with services that support Amazon, Ebay, Etsy, Shopify and more. #ecommerce #Amazon #Shopify #marketing 
https://t.co/PNdNLwzIL7 https://t.co/vxr2uohS6F",1.3113606711125975e+18
16,2020-09-30 17:43:13,aStargazer4eva,@takeaDailybreak #WinningWednesday! #Sweepstakes 🎉 #1 #WishToWin #Amazon @amazon #FingersCrossed 🤞☘️🤞,1.3113609690256916e+18
17,2020-09-30 17:41:01,Charlie_Cawood,"Liam Gallagher - Wall of Glass #bigtimeradio https://t.co/N76xPoatRr @Charlie_Cawood @BigTimeRadio1 @bigtime_news
 on #Amazon Echo &amp; App https://t.co/c7cZfm4MQo  #Top40 #Music 247 #Worldwide 3 #Radio #Stations 43 #Countries #Interviews #Billboard https://t.co/JiPHr6jZyC  #SUBMI",1.3113604139054244e+18
18,2020-09-30 17:39:55,DanielW23166425,"If You Like To Purchase A Vehicle Online, Check Out #Amazon By Clicking My Link Now ! Visit My #Ebay #Vehicle Website At  https://t.co/SsAQL5oFl5 https://t.co/bLeIFPWjnX",1.3113601367667958e+18
19,2020-09-30 17:44:37,badwolf303,@AmazonHelp please stop selling #ProudBoys and other hate merchandise. @JeffBezos #Amazon https://t.co/vgqL9ckfWB,1.3113613225720259e+18
20,2020-09-30 17:40:44,jarsflaw,"I am looking for a brave team member with #amazon #ecommerce growth experience, Madrid based at #3ina ( : https://t.co/pMVcWKnDIH",1.3113603457226916e+18
21,2020-09-30 17:40:02,jamesmur,"Amazon has built its own #UPS. Estimates say, ""#Amazon will deliver 67% of its own packages this year and increase that to 85%."" That is a staggering percentage. https://t.co/eeExWDHijn",1.3113601690587505e+18
22,2020-09-30 17:43:09,abdurroufbd,"Grow sales and Improve your ecommerce marketing efforts with services that support Amazon, Ebay, Etsy, Shopify and more. #ecommerce  #Amazon #Shopify 
https://t.co/lw8Fr4gMmh https://t.co/ewp9SAHURx",1.3113609515352842e+18
23,2020-09-30 17:39:50,DanW77352779,"If You Like To Purchase A Vehicle Online, Check Out #Amazon By Clicking My Link Now ! Visit My #Ebay #Vehicle Website At  https://t.co/P3ghfHUjNN https://t.co/ndzi7OfcUx",1.3113601173848515e+18
24,2020-09-30 17:47:05,rakten_kaden_,"10/01 02:47

TDK 婦人用電子体温計 HT-301/TP
【楽天】2970円
【Amazon】3449円

★楽天で購入すると★
 479円 お得（お得率16％）

↓お得な情報を一覧で確認出来るサイト
https://t.co/kMQYxgL6Rh

#楽天市場 #Amazon #お得 #せどり https://t.co/Q0DUWkvRqF",1.3113619421879624e+18
25,2020-09-30 17:41:27,hispachollos,"🌀 AWOW Bombilla LED Inteligente Wifi RGBW, A60 E27 9W 800LM Bombillas Inteligentes con Control de Voz, Cambio de Colores y Luminosidad, Compatible con Alexa, Google Home e IFTTT (Paquete de 2). #Amazon 🇪🇸

🔘 Pack de 2!

🕘 PRECIO FLAS ...
https://t.co/cfWDR8nV6F
#chollo",1.3113605223449682e+18
26,2020-09-30 17:44:00,robertstanek,"Celebrate Robert Stanek with us

40 years of writing
35 years of books
25 years of publishing

#newsday #bostonglobe #forbes #newsweek #fortunemagazine #business
#nytimes #nytimesbooks #seattletimes #oregonian #newyorkpost #startribune
#amazon #Goodreads https://t.co/Mf3eGOsgym",1.311361164668928e+18
27,2020-09-30 17:42:04,rakten_kaden_,"10/01 02:42

東レ トレビーノ ポット型浄水器 交換用カートリッ
【楽天】5140円
【Amazon】15715円

★楽天で購入すると★
 10575円 お得（お得率206％）

↓お得な情報を一覧で確認出来るサイト
https://t.co/kMQYxgL6Rh

#楽天市場 #Amazon #お得 #せどり https://t.co/qjMrcxpZYI",1.3113606804197048e+18
28,2020-09-30 17:45:11,BeenListeningTo,"If you think I have great taste in music, just wait until you try my writing... My novels, the #Thriller Leave No Trace &amp; Sleeping Sickness a locked-room #Mystery, are available now on #Amazon. Buy your copy today. https://t.co/im49y9Q6JM https://t.co/jDMfLgu74k",1.3113614632489902e+18
29,2020-09-30 17:42:04,sheffdeals,"65% OFF!!!

Gaming Headset for PS5, PS4, PC, Xbox for $24.62; retail $69.99

Click Link Below👇
https://t.co/w0AIASSMLa

#deals #twitch #Debates2020 #debates #amazon #InternationalPodcastDay #psn #ps5 #gamers #BlackTechTwitter  #Debate2020 #XboxSeriesX  #techtwitter #sheffdeals https://t.co/l3PY2a3XFJ",1.3113606775425393e+18
30,2020-09-30 17:40:09,photofun2459,"If You Like To Purchase A Vehicle Online, Check Out #Amazon By Clicking My Link Now ! Visit My #Ebay #Vehicle Website At  https://t.co/pVJra28fRW https://t.co/BuQWnwjE1i",1.311360195721941e+18
31,2020-09-30 17:39:45,Computer_Parts1,"If You Like To Purchase A Vehicle Online, Check Out #Amazon By Clicking My Link Now ! Visit My #Ebay #Vehicle Website At  https://t.co/rof3mHuWez https://t.co/vKOf4wlcAk",1.3113600963127214e+18
32,2020-09-30 17:41:12,Derepentemieli1,"Live de lançamento @derepentemielite
@editoralabrador 
@samira.neuro 
#mielitetransversa #Mielite #doençasraras #doencasautoimunes #saude
#livros #livrariacultura #amazon
https://t.co/GlI163s70f",1.3113604622405181e+18
33,2020-09-30 17:46:07,badwolf303,@slpng_giants @joemamma_1 @amazon #Amazon hate merchandise https://t.co/D3wdjH3gBS,1.311361696464855e+18
34,2020-09-30 17:40:13,slrcamera2017,"If You Like To Purchase A Vehicle Online, Check Out #Amazon By Clicking My Link Now ! Visit My #Ebay #Vehicle Website At  https://t.co/uk0tpxQpD9 https://t.co/5tsnTKngZj",1.311360215057662e+18
35,2020-09-30 17:40:49,howsthegyan,"Post till Reply - First - Day 21 #htg

Why warning of 'smoking and tobacco consumption are injurious to health' comes only in theatre &amp; TV and not on online platform??

@PrakashJavdekar @rsprasad 

#Amazon #Netflix #Hotstar #IPL https://t.co/zRVdhofngA",1.3113603650122424e+18
36,2020-09-30 17:44:48,abdurroufbd,"@DonaldJTrumpJr @JSmithpolitics1 Grow sales and Improve your ecommerce marketing efforts with services that support Amazon, Ebay, Etsy, Shopify and more. #ecommerce  #Amazon #Shopify 
https://t.co/lw8Fr4gMmh",1.3113613672537416e+18
37,2020-09-30 17:46:37,reinadellowcost,"🌟 [𝗟𝗮 𝗿𝗲𝗶𝗻𝗮 𝗱𝗲𝗹 𝗟𝗼𝘄𝗰𝗼𝘀𝘁] 🌟

🔊 Memoria USB 64GB, SAWAKE Flash Drive USB 3.0, Mini Pendrive LED Multicolor Brillando, Memory St #amazon

🌍 Enlace: https://t.co/dghEX162zz

Te esperamos en telegram: https://t.co/Jxndx9pJCJ https://t.co/uq3x3Ow3QU",1.3113618225834107e+18
38,2020-09-30 17:44:45,Call_of_Dutch,"これってナビとBluetoothでつなげるんでしょ？ってことはスマホとナビ接続できないよね？バンズフリーできないよね？電話きたらスマホ手に取っちゃうよね？だめじゃん。
【新登場】Echo Auto - スマホとの組み合わせで車の中でもAlexaを https://t.co/U7JswwkSpZ #Amazon",1.3113613555852616e+18
39,2020-09-30 17:39:38,dalejolliffe123,"#Amazon does not mind peddling white surpremacy products, just so long as the untaxed dollars keep rolling in. https://t.co/DoQaeTAUtJ",1.3113600671581348e+18
40,2020-09-30 17:44:29,IntlFocusNC,#nationalhispanicheritagemonth #ecuador #southamerica #galápagos #countryspotlight #wildlife #travel #amazon,1.311361285905199e+18
41,2020-09-30 17:45:14,CoolDealCA,"Go fast!!

Massage Gun only $42.99 🔥 

#freebies #deals #deal #moneysaver #greatdeal #steals #discount #sale #bargain #bargainhunter #cheap #bestprice #Amazon  #Deals #giveaway #Deal #ganga

 https://t.co/OLdGXWTFOM https://t.co/Dhpa6XLiFn",1.3113614776060764e+18
42,2020-09-30 17:46:00,Haidji,"Book Quote:""God created teenagers so that parents ..."" Click on  https://t.co/W9swUXO0Uu #teenagers #quoteoftheday #quotes #kindleunlimited #amazon  #inspiration #haidji   #goodreads #books #read #reading #bookblogger https://t.co/6HggAcKDc1",1.3113616681448243e+18
43,2020-09-30 17:43:45,IreneDorfner,"#Krimi #Thriller #Ebook #Taschenbuch #lesen 
Der Tote im Wald
Leo Schwartz ... und der verschwundene Kollege
#Leseprobe: https://t.co/fMpGbAJiPh
#Weltbild: https://t.co/1JDPOn1ksS
#Thalia: https://t.co/CLhZ65kNe1
#Amazon: https://t.co/cr68AGkHWY",1.311361101670609e+18
44,2020-09-30 17:42:01,FindDigital2,"Myogenix Aftershock Fruit Punch 2.64Lb by Myogenix 
https://t.co/dy18vcuAla 

#Amazon",1.311360665257472e+18
45,2020-09-30 17:46:44,kusakurataisho,指定医薬部外品 手指消毒剤 サラヤ サラヤンジェル SH1CP 500mL https://t.co/IQdcKnyf1W #Amazon,1.3113618557475471e+18
46,2020-09-30 17:44:55,abdurroufbd,"@TheFirstonTV @robsmithonline @tedcruz Grow sales and Improve your ecommerce marketing efforts with services that support Amazon, Ebay, Etsy, Shopify and more. #ecommerce  #Amazon #Shopify 
https://t.co/lw8Fr4gMmh",1.3113613971717366e+18
47,2020-09-30 17:41:37,TshirtD42700357,"I will #create awesome #watercolor #tshirt #design please visit my profile- https://t.co/NPSOE374IA

Looking #Watercolor #Tshirts design for #Amazon #Shopify #Teespring #Viralstyle #GearLaunch #Redbubble #RedBubbleDesigns?
#tshirtdesign #fashion #streetwear #seattle https://t.co/J1mDQz3USx",1.3113605656929116e+18
48,2020-09-30 17:42:41,TheTamela,Why is @amazon selling proud boy merchandise used to recruit and fuel racism/hatred and violence? Please @JeffBezos look into this matter. Stop selling any kind of hate filled items. Thank you. #stoptheproudboys #amazon,1.3113608341285437e+18
49,2020-09-30 17:42:13,Santamoniker,#Amazon but keep using your &amp; Prime keep funneling money to the richest man in the world.  Wake up sheeple. https://t.co/Zle6qvDAsY,1.3113607174596035e+18
,date,screen_name,tweet,tweet_id
0,2020-09-30 17:35:11,kana_ogawa,"【ドラマ映画】ベスト10
ope.1
https://t.co/z6IagbXjDO #Amazon",1.3113589468970967e+18
1,2020-09-30 17:35:05,AlanSomoza,¡El esperadísimo #volumen 3 de la #saga de #moda en #cienciaficcion ya a la #venta! ¡#Disfruta de #Algoparaleer en #Español #Amazon ! ¡Todos los #lectores #enganchados!  #España #Mexico #lectura #recomendadahttp://leer.la/cruzadosv3 https://t.co/FQ8DncnWcV,1.3113589220795146e+18
2,2020-09-30 17:32:03,rakten_kaden_,"10/01 02:32

【予約10/16出荷】フジ医療器 フットマッサージ
【楽天】46700円
【Amazon】49900円

★楽天で購入すると★
 3200円 お得（お得率7％）

↓お得な情報を一覧で確認出来るサイト
https://t.co/kMQYxgL6Rh

#楽天市場 #Amazon #お得 #せどり https://t.co/hVDwYIxkpW",1.3113581602050417e+18
3,2020-09-30 17:36:28,TheInStockRoom,"***New Deal***
Ousfot Solar Security Light
Reduced from $29 to $20
Coupon code: 30QOY51L
https://t.co/JWtmSPjGm0
#Deals #newDeals #savings #Amazon https://t.co/xHzdA5GaWr",1.3113592712805376e+18
4,2020-09-30 17:35:17,GratisCasi,"⁠ MINI PRECIO #Amazon

Reloj de Pulsera de Cuarzo analógico TrifyCore

AHORA 2.49€
Envío gratuito

: https://t.co/PkvVszBzZz

Más chollos en OFERTACULAR
https://t.co/1aLHIgE0D3 https://t.co/2HeVDVPLNQ",1.3113589711571395e+18
5,2020-09-30 17:35:00,kana_ogawa,"【ドラマ映画】ベスト10
#01 北の地にて
https://t.co/vGMp2ZRkEv #Amazon",1.311358902823342e+18
6,2020-09-30 17:34:01,XperienceDope,"Blasting https://t.co/KwvjUkr04D - Blazing Hot New Music right now on Pretty Dope Xperience Radio aka #BlackPandora

listen now and catch a wave!! https://t.co/VqKFopeoex  #nowplaying #np #RT  #NowStreaming #Streema Download Now #Alexa #GooglePlay #iOSAppStore #Amazon #",1.3113586536944476e+18
7,2020-09-30 17:37:04,rakten_kaden_,"10/01 02:37

日立　HITACHI コードレススチームアイロン 
【楽天】5390円
【Amazon】5391円

★楽天で購入すると★
 1円 お得（お得率0％）

↓お得な情報を一覧で確認出来るサイト
https://t.co/kMQYxgL6Rh

#楽天市場 #Amazon #お得 #せどり https://t.co/qZow0qccKs",1.3113594203082301e+18
8,2020-09-30 17:32:37,cholloaliexpres,"ENVÍO DESDE ESPAÑA❗️🔸#Amazon
📣 GUBANRUN Zapatillas de Trail Running

⛔️ PVP: €
✅ PRECIO OFERTA: 13,19€
✂️ CUPÓN: WHHL58JY     

⤵️ Link de compra
🌐 https://t.co/JaD0LMHYhr https://t.co/BbFhYWTIvd",1.311358301901394e+18
9,2020-09-30 17:32:24,darlenexoxo24,GIVEAWAY! Enter to #win a $10 #Amazon gift card? Go enter the #giveaway daily for your chance to win from @thatsjustjeni Go enter   https://t.co/cwtpQvcN6c,1.3113582472787968e+18
10,2020-09-30 17:35:06,kana_ogawa,"【ドラマ映画】ベスト10
ドローン・オブ・ウォー(字幕版)
https://t.co/28QeufvT02 #Amazon",1.311358925007061e+18
11,2020-09-30 17:37:39,Rohadul1,"Hi , I am Rohadul . I am professional graphics designer . I will do amazon any photo editing for your more and more selling #Photoshop #Graphicdesign  #Retouching #Colorcorrection #Resize #Backgroundremoval  #Design #Crop #Transparent #product #business #Amazon  #photography",1.3113595678008402e+18
12,2020-09-30 17:39:28,sparbote,"Trio Balken-Leuchte in Weiß für 23,99€ bei Amazon https://t.co/r81uTAvxy3 #Amazon",1.3113600232647434e+18
13,2020-09-30 17:32:38,carlinchi82,"ENVÍO DESDE ESPAÑA❗️🔸#Amazon
📣 GUBANRUN Zapatillas de Trail Running

⛔️ PVP: €
✅ PRECIO OFERTA: 13,19€
✂️ CUPÓN: WHHL58JY     

⤵️ Link de compra
🌐 https://t.co/hoVekF3Qgw https://t.co/8udNMCB7XM",1.311358304900264e+18
14,2020-09-30 17:36:49,bot_bot365,"ニーア レプリカント ver.1.22474487139... - PS4
予約受付中

https://t.co/AWDBD9pFxx

＃ニーアレプリカント
＃Amazon
＃予約
＃PS4",1.3113593565421527e+18
15,2020-09-30 17:33:13,INTsushinsha,"『アビストの挑戦―日本モノづくりを支える設計技術者集団』Kindle版
https://t.co/l7kK0tIZh4
#Kindle #amazon #電子ブック #派遣 #エンジニア",1.311358451046445e+18
16,2020-09-30 17:37:52,MightyLeg,"Last Chance! Would you like to win a $50 Amazon Gift Card or PayPal Deposit? Check out this easy entry Gleam giveaway for a chance to #WIN

Open Worldwide

@GooseGiveaways #wingiftcard #wincash #amazon #paypal #winmoney #sweepstakes #giveaways https://t.co/zvYs7wJZxN",1.3113596218486825e+18
17,2020-09-30 17:35:42,kana_ogawa,"【ドラマ映画】ベスト10
翔んで埼玉
https://t.co/X7m1niCZUs #Amazon",1.3113590786401772e+18
18,2020-09-30 17:35:16,kana_ogawa,"【ドラマ映画】ベスト10
last ope
https://t.co/9AkM8C3m7M #Amazon",1.311358968795558e+18
19,2020-09-30 17:38:00,Haidji,"Book Quote: ""They were like two parts of the same wish,..."" Click on  https://t.co/pXIX2M4HX7 #fairytale #lovestory  #quoteoftheday #quotes #kindleunlimited #amazon  #inspiration #haidji   #goodreads #books #read #reading #bookblogger https://t.co/8DbinUN8HX",1.3113596550719365e+18
20,2020-09-30 17:35:32,kana_ogawa,"【ドラマ映画】ベスト10
第二話
https://t.co/crcmVRpqZk #Amazon",1.311359034688041e+18
21,2020-09-30 17:32:18,startuptostore,#podcast #newepisode #startup #businessowners #entrepreneurship #skincare #athletics #sport #amazon #hustle #athletes #kobebryant,1.311358223014916e+18
22,2020-09-30 17:33:00,Haidji,"Book Quote: ""The opposite of death isn't life.  It's birth."" Click on https://t.co/pf8geXF30R 
 #quoteoftheday #quotes #kindleunlimited #bookquotes #read #ebook #ku #paperback #amazon  #inspiration #haidji #goodreads #books #read #reading #bookblogger https://t.co/va50OiuVxG",1.3113583968436593e+18
23,2020-09-30 17:32:17,elsuperchollo,"Rebajado ⏬⏬ #Amazon 

Under Armour - UA Seamless SS Camiseta De Manga Corta para Hombre, Camiseta para Correr ... 

✅ Descuentazo del 47% 

💵 Precio desde 23,84 EUR

🔰 Enlace: https://t.co/QdvBJtZBZw 

🌐 https://t.co/8RrjcHOxgi https://t.co/pT9jrHjb2U",1.3113582167066788e+18
24,2020-09-30 17:35:37,kana_ogawa,"【ドラマ映画】ベスト10
サムライマラソン
https://t.co/659Fp61eJa #Amazon",1.3113590567039672e+18
25,2020-09-30 17:33:35,creativemm12,"&lt;Current Weather&gt;
New York
Temperature: 68.0°F/ Status: clouds
👉https://t.co/GrrzfPfjzZ  #amazon👈
💯👉Auto Follower👈💯
💯👉#自動相互フォロー👈💯

#followtrick
#ABC #news
#Henrik #Lundqvist
#Bad #Bunny #Crocs
#autofollower
#followe",1.3113585462781379e+18
26,2020-09-30 17:39:00,Haidji,"Book Quote: ""Only few persons really believe..."" Click on  https://t.co/0URd4CZ835 #manifestation #quoteoftheday #quotes #kindleunlimited #amazonbooks #amazon   #inspiration #haidji   #goodreads #books #read #reading #bookblogger #book https://t.co/mh6FEdgC2G",1.3113599063567565e+18
27,2020-09-30 17:34:38,robertstanek,"#bannedbooksweek When the malicious targeting of my books stopped suddenly, I thought someone must have finally caught the #Amazon insiders responsible and someone had, the Justice Department... 

https://t.co/HMWRuDfqpO

#newsday #bostonglobe #forbes #newsweek #business https://t.co/BKXTm36SQB",1.3113588105234964e+18
28,2020-09-30 17:35:21,kana_ogawa,"【ドラマ映画】ベスト10
映画　賭ケグルイ
https://t.co/ZsLElFEJqh #Amazon",1.3113589907820667e+18
29,2020-09-03 18:26:48,LenovoLegion,"Lenovo Legion x @PlayApex
Now is your chance to rise above the rest. 
Unmatched performance, purposeful engineering, modern design.
Gear up with a machine as savage as you are.
Stylish outside.
Savage inside.",1.301587465258578e+18
30,2020-09-30 17:35:27,kana_ogawa,"【ドラマ映画】ベスト10
彼女が目覚めるその日まで(字幕版)
https://t.co/GOt9fG5zZZ #Amazon",1.3113590127560253e+18
31,2020-09-30 17:36:00,Haidji,"Book Quote: ""He was a lawyer and he knew that it..."" Click on  https://t.co/yavT1UbFOQ #quoteoftheday #quotes #kindleunlimited #bookquotes #read #ebook #ku  #paperback #amazon  #inspiration #haidji #goodreads #books #read #reading #BookBoost #book https://t.co/p9gU7QnMI6",1.3113591515203994e+18
32,2020-09-30 17:38:27,oliviaparker78,"#Giveaway Time!

3 Lucky Winners Will Win a $50 #Amazon Gift Card

Hurry! Giveaway Ends on September 30th, 2020

by @lushescurtains https://t.co/1U6xWxXh9H",1.3113597683013632e+18
33,2020-09-30 17:36:34,CoolDealCA,"💲💰
Ousfot Solar Security Light
Reduced from $29 to $20
Coupon code: 30QOY51L

# #Deals #new #Deals #savings #Amazon  #Deal #ganga

 https://t.co/FdnneAUpcj https://t.co/luZNTeGC15",1.311359296014291e+18
34,2020-09-30 17:34:17,Etha__n,"Last Chance! Would you like to win a $50 Amazon Gift Card or PayPal Deposit? Check out this easy entry Gleam giveaway for a chance to #WIN

Open Worldwide

@GooseGiveaways #wingiftcard #wincash #amazon #paypal #winmoney #sweepstakes #giveaways https://t.co/nctwANMKat",1.311358718685008e+18
35,2020-09-30 17:39:07,creativemm12,"👉https://t.co/C3ZIBnvqbi #amazon👈
💯👉Auto Follower👈💯
💯👉#自動相互フォロー👈💯

#相互フォロー100
#ABC #news
#Hugh #Jackman
#Bad #Bunny #Crocs
#FollowBack
#フォロバ100パーセント
#TFW
#TFB
#拡散希望RTお願いします
#TeamFollowback
#FollowNGain
#1000ADay",1.3113599374490624e+18
36,2020-09-30 17:35:41,JofsonGarnett,https://t.co/ho6GcDiycu - earn rewards on your cell phone here - get a monthly $5 gift card or check https://t.co/ho6GcDiycu #rewards #amazon,1.311359073686827e+18
37,2020-09-30 17:33:53,mybabychoose,"Diono 2020 Radian 3R, 3 in 1 Convertible, 10 years 1 Car Seat, Slim Fit Design, Fits 3 Across, Black https://t.co/dx8cnFRSIF #baby #parenting #family #usa #amazon #trending #fashion #babygirl #babyboy #gifts @amazon #holiday #blackfriday #thanksgiving #cybermonday https://t.co/G4d3A9kivy",1.3113586219226112e+18
38,2020-09-30 17:38:51,Kevin06782254,@MikeSington @amazon What? Come on #Amazon,1.3113598696986132e+18
39,2020-09-30 17:37:03,CoolDealCA,"Get #Business only pricing 📉 at #Amazon
https://t.co/1KxcShCdc5 https://t.co/G4kLw6zFyJ",1.3113594185340682e+18
40,2020-09-30 17:35:02,gezgintrk,"#Amazon One verifies #consumers and office workers by #scanning the palm of their hand
https://t.co/bcxonnkEG7",1.3113589111533527e+18
41,2020-09-30 17:39:09,XperienceDope,"Blasting Young Thug - Lil Baby right now on Pretty Dope Xperience Radio aka #BlackPandora

listen now and catch a wave!! https://t.co/VqKFopeoex  #nowplaying #np #RT  #NowStreaming #Streema Download Now #Alexa #GooglePlay #iOSAppStore #Amazon #",1.3113599440888422e+18
42,2020-09-30 17:32:24,sheffdeals,"PRE-ORDER NOW! Call of Duty: Black Ops Cold War for $59.99

Click Link Below👇
https://t.co/e1UxTzPDap

#deals #twitch #Debates2020 #debates #amazon #InternationalPodcastDay #psn #ps5 #gamers #CODColdWar  #Debate2020 #ps4 #xbox #CallOfDutyBlackOpsColdWar #techtwitter #sheffdeals https://t.co/vuv9n3800P",1.3113582481807442e+18
43,2020-09-30 17:35:12,CoolDealCA,"G20 Compact #Gaming Keyboard for $14.99 🔥

Logitech M330 Silent Plus Wireless Mouse for $14.99!!

#freebies #deals #deal #moneysaver #greatdeal #steals #discount #sale #bargain #bargainshopper #bestprice #Amazon  #Deals #giveaway #Deal #ganga

 https://t.co/FRWVl1u6Kj https://t.co/WsjllV94W9",1.311358949841662e+18
44,2020-09-30 17:35:48,kana_ogawa,"【ドラマ映画】ベスト10
マスカレード・ホテル
https://t.co/D960e6svZv #Amazon",1.311359100450562e+18
45,2020-09-30 17:39:07,TampaBayBC,@RaymondArroyo Wanted you to know about an interaction I had with #Amazon about your new book. I pre-ordered and got an email from them that because of a delay my order would be canceled unless I took action to tell them I still wanted it. I hope this hasn't happened to others.,1.3113599357672858e+18
46,2020-09-30 17:38:00,sheffdeals,"PRE-ORDER NOW! 

PS5 Call of Duty: Black Ops Cold War for $59.99

Click Link Below👇
https://t.co/oa51ub72sq

#deals #twitch #Debates2020 #debates #amazon #InternationalPodcastDay #psn #ps5 #gamers #CODColdWar  #Debate2020 #xbox #CallOfDutyBlackOpsColdWar #techtwitter #sheffdeals https://t.co/kNXLPPQZ0Y",1.3113596555164385e+18
47,2020-09-30 17:36:14,hispachollos,"🌀 Under Armour Qualifier Parte Superior del Calentamiento, Hombre, Naranja, LG. #Amazon 🇪🇸

💶 Precio oferta: 19,87€ 💥

💳 Enlace: https://t.co/pZdovNDjTv

✨ 30 días gratis de Amazon Music Unlimited : https://t.co/dnJe9X8AvY

👁 Visto e ...
https://t.co/ZiLL1yeWPv
#chollo",1.3113592111342346e+18
48,2020-09-30 17:32:37,zocoregalos,"ENVÍO DESDE ESPAÑA❗️🔸#Amazon
📣 GUBANRUN Zapatillas de Trail Running

⛔️ PVP: €
✅ PRECIO OFERTA: 13,19€
✂️ CUPÓN: WHHL58JY     

⤵️ Link de compra
🌐 https://t.co/CLXGtoqsNx https://t.co/aYOv8DkvtG",1.311358299191812e+18
49,2020-09-30 17:32:56,arosenzvaig,"""Las revelaciones se han ido acumulando en las últimas semanas: la corporación dirigida por la persona más rica del mundo está espiando a algunos de los trabajadores peor pagados de la UE"", dijo
@ORoethig
Roethig, el RegSec de
@UNI_Europa @uniglobalunion #Amazon #espia #sindicato https://t.co/3L7pPDV2IK",1.311358380733354e+18
,date,screen_name,tweet,tweet_id
0,2020-09-30 17:29:50,sheffdeals,"PRE-ORDER NOW! Call of Duty: Black Ops Cold War for $59.99

Click Link Below👇
https://t.co/dpwNZuk6lK

#deals #twitch #Debates2020 #debates #amazon #InternationalPodcastDay #psn #ps5 #gamers #CODColdWar  #Debate2020 #ps4 #xbox #CallOfDutyBlackOpsColdWar #techtwitter #sheffdeals https://t.co/dB2jq2zZk8",1.3113576026983342e+18
1,2020-09-30 17:30:18,buybooks_amazon,#BestBooks #Amazon #Leadership : HOW TO MAKE YOUR MONEY LAST: THE INDISPENSABLE RETIREMENT GUIDE --&gt; https://t.co/kzk83w0MEM,1.311357716854485e+18
2,2020-09-30 17:30:42,yuki_nagase,"【コメディ映画】ベスト10
Viva!公務員（字幕版）
https://t.co/5XrU0IBoZH #Amazon",1.3113578203321713e+18
3,2020-09-30 17:30:00,pmartinauthor,#SUSPENSE MISSING DEAD OR ALIVE PETER MARTIN #FREEKUNLIMITED #AMAZON#LINK   https://t.co/NdiS1i65xP  THEY WILL DO ANYTHING TO GET HIM BACK https://t.co/cnSbGF0bwr,1.3113576423762412e+18
4,2020-09-30 17:30:20,ladyarcher1,"Available NOW  all 3 ebooks ONLY $4.99. A powerful and captivating contemporary romance. An emotional journey that you will never forget. 
Amazon https://t.co/Rg76U9bCRq
Kobo   https://t.co/MINf8T9oH3
#romance #contemporary #bookbub #goodreads #amazon #kindle #Kobo https://t.co/YwXXtRG0cg",1.3113577259437588e+18
5,2020-09-30 17:31:35,iMoGalore,"Best Books of the Month: Nonfiction #Amazon
https://t.co/dLbpEhBJ6U",1.3113580394260603e+18
6,2020-09-30 17:30:00,yuki_nagase,"【コメディ映画】ベスト10
誰かが、見ている 予告編
https://t.co/GtXdzGhTks #Amazon",1.3113576445405757e+18
7,2020-09-30 17:31:31,OnlyGearBest,"🌟 [𝗢𝗻𝗹𝘆 𝗚𝗲𝗮𝗿𝗯𝗲𝘀𝘁] 🌟

🔊 Lijadora Eléctrica, Meterk 13500 RPM Máquina para Pulir Masilla de Lijado de Pared 16pcs Sandpa #amazon

🌍 Enlace: https://t.co/nqkjctu3vm

Te esperamos en telegram: https://t.co/mPaN5u2fFj https://t.co/Mhz8wN0R68",1.3113580255596667e+18
8,2020-09-30 17:30:33,CoolDealCA,"1080P HD Webcam for $25.99!!

#freebies #deals #deal #moneysaver #greatdeal #steals #discount #sale #bargain #bargainhunter #cheap #bestprice #Amazon  #Deals #giveaway #Deal #ganga

 https://t.co/YqKFi2r3iY https://t.co/AwMKnDu6cG",1.3113577802180444e+18
9,2020-09-30 17:30:04,MLRodriguez09,"❤️A beautiful &amp; EMPOWERING #romance novella.❤️

“They are everything good and perfect in my world. Every leap of faith I took, I did for them . . . Each and every time, I was scared shitless, but I tried.”

Available on #Amazon &amp; free in #KindleUnlimited!
https://t.co/9I0PTJJuJZ https://t.co/YYokK6PVgi",1.3113576582182052e+18
10,2020-09-30 17:30:33,CoolDealCA,"RUNMUS #Gaming #Headset for $25.64!! (Retail: $42.99)

#freebies #deals #deal #moneysaver #greatdeal #steals #discount #sale #bargain #bargainhunter #bargainshopper #cheap #bestprice #Amazon  #Deals #giveaway #Deal #ganga

 https://t.co/goyygBkzkl https://t.co/MQYlBgIuMV",1.3113577830785884e+18
11,2020-09-30 17:29:02,GADGETZOO0381,"9 useful products &amp; toys buy on amazon | unique, smart, Cool gadgets on amazon &amp; online | gadget zoo 👇👇👇https://t.co/pUY9FvF2GW 
#gadgetzoo #gadgetzo0381 #useful #cool #unique #awesome #amazon #online #products #gadgets #toys",1.311357399824044e+18
12,2020-09-30 17:29:00,Haidji,"Book Quote: ""How long is forever when you can stop..."" Click on  https://t.co/7kFjmu5h3y #forever #quoteoftheday #quotes #kindleunlimited #amazonbooks #amazon   #inspiration #haidji   #goodreads #books #read #reading #bookblogger #book https://t.co/f0nbPK8BE5",1.3113573900177613e+18
13,2020-09-30 17:30:00,QGiuridico,"#Ecommerce: l'approccio conservatore delle corti straniere su #Amazon 
https://t.co/w7ZIoXTPoL https://t.co/XLMy4pcrUO",1.3113576439281377e+18
14,2020-09-30 17:30:16,yuki_nagase,"【コメディ映画】ベスト10
ラスト・クリスマス (字幕版)
https://t.co/j7IpfJSNJK #Amazon",1.311357710328148e+18
15,2020-09-30 17:28:06,teejaysoul,"Stay with the thought realities you wish to manifest. Focus on them and let them form the force field required for the manifestation.
#ChangingYourRealities
#New #book on #Amazon
#BookBoost
https://t.co/MISocmPHFE",1.3113571651568271e+18
16,2020-09-30 17:30:21,yuki_nagase,"【コメディ映画】ベスト10
鈴木家の嘘
https://t.co/78rwdxS87z #Amazon",1.3113577322433864e+18
17,2020-09-30 17:30:49,humanwatches,Dress Watch (Model: 97P130) https://t.co/Hdwma1TeZc #watches #clock #jewelry #trends #fashion #amazon #gifts #giftideas @amazon #holiday #blackfriday #thanksgiving #cybermonday https://t.co/ki1PH53jah,1.3113578465341317e+18
18,2020-09-30 17:30:32,yuki_nagase,"【コメディ映画】ベスト10
イエスタデイ (字幕版)
https://t.co/GbrvtK0QAD #Amazon",1.3113577764052255e+18
19,2020-09-30 17:30:02,YabRock,BRAIN POLICE RELAY POINT 2018 / #頭脳警察 https://t.co/ac8IlhxfKJ #PANTA #Punk #JRock #アマゾン #Amazon #AmazonJP,1.3113576494646968e+18
20,2020-09-30 17:30:03,doujin_RPG,【 #Amazon 】 ファンタシースターオンライン2 エピソード4 デラックスパッケージ https://t.co/ThxpbjxrOY,1.311357654380421e+18
21,2020-09-30 17:31:19,elsuperchollo,"🌊 Tsunami de rebajas #Amazon 

Under Armour - Tech Mesh 6in 2 Pack, bóxers ajustados hombre 

💰 Rebajado al 56% 

💵 Precio desde 17,75 EUR

🔰 Enlace: https://t.co/ZfefoyzNix 

🌐 https://t.co/B5x3GTEBA6 https://t.co/WXLbaQZElq",1.3113579755300045e+18
22,2020-09-30 17:29:32,_SiGonfiaLaRete,"#ChampionsLeague, #Amazon in corsa per i diritti tv in Italia

https://t.co/c3GOJ9ny0x",1.311357526651306e+18
23,2020-09-30 17:31:28,fbarry,The Ring Always Home Cam Flies Around Inside Your House | WIRED.  #Amazon #Drone #Privacy  https://t.co/CPZGNoAH4M,1.3113580113032233e+18
24,2020-09-30 17:31:41,tra_yuuuu_ja,セット売り【https://t.co/LJXYHmsgT7 限定】ザテレビジョン 2020年10/23号 Travis Japan 東西表紙2種類セット https://t.co/kBtOBYgohO #Amazon,1.3113580662567854e+18
25,2020-09-30 17:30:06,yuki_nagase,"【コメディ映画】ベスト10
タッカーとデイル　史上最悪にツイてないヤツら（字幕版）
https://t.co/luu9B7xheZ #Amazon",1.3113576664012513e+18
26,2020-09-30 17:28:25,EricJLagarrigue,"El FARERO, de @Pino_Naranjo

Esta historia comienza cuando el mundo se volvió romántico...
Una historia de ideales y valores.

https://t.co/FmQtseFH2n

#Kindle #Amazon #novela",1.3113572462075986e+18
27,2020-09-30 17:29:23,BoopDesy,"#RecomiendoLeer CARLOS III ""EL BUENO"" de @COZDENE📚
Es un relato de la forja de un déspota ilustrado y de las intrigas cortesanas que llevan al poder a un rey que se considera designado por Dios.

👉 https://t.co/7RtnrZdEaO

#Amazon",1.3113574889446318e+18
28,2020-09-03 18:26:48,LenovoLegion,"Lenovo Legion x @PlayApex
Now is your chance to rise above the rest. 
Unmatched performance, purposeful engineering, modern design.
Gear up with a machine as savage as you are.
Stylish outside.
Savage inside.",1.301587465258578e+18
29,2020-09-30 17:28:26,hispachollos,"🌀 Altavoces con Cable,Altavoces Portátil Estéreo Alimentación USB, Altavoces Multimedia y Subwofer Potente, Sistema de Hifi con Control del Volumen, Cable de 3,5mm para Ordenador,TV, PC, Tablets. etc. #Amazon 🇪🇸

🕘 PRECIO FLASH: 22,9 ...
https://t.co/z4Erfy3n1g
#chollo",1.3113572479943762e+18
30,2020-09-30 17:31:33,MenudoPaquete,"🌟 [𝗠𝗲𝗻𝘂𝗱𝗼 𝗣𝗮𝗾𝘂𝗲𝘁𝗲] 🌟

🔊 Lijadora Eléctrica, Meterk 13500 RPM Máquina para Pulir Masilla de Lijado de Pared 16pcs Sandpa #amazon

🌍 Enlace: https://t.co/MBCH8ATDD2

Te esperamos en telegram: https://t.co/IbEojfZpa4 https://t.co/e7efP51585",1.311358033960874e+18
31,2020-09-30 17:32:02,AlanSomoza,"¿Buscas #algoparaleer ? ¡La #scifi más leída en #España y #México! ¡Descubre el monstruo #capitalista que se esconde tras la Confederación! Disfruta de los nuevos singles de Cruzados de las Estrellas en #Amazon , #libros #literatura #lectura #ebook https://t.co/cJDwKujOJF https://t.co/inIISm5Vm9",1.3113581553692058e+18
32,2020-09-30 17:30:34,CoolDealCA,"Best Selling 18-Piece Glass Food Storage Containers for $26.99!!

#freebies #deals #deal #moneysaver #greatdeal #steals #discount #sale #bargain #bargainhunter #cheap #bestprice #Amazon  #Deals #giveaway #Deal #ganga

 https://t.co/PSfHXtUNj0 https://t.co/zxujVQjQwr",1.3113577858971402e+18
33,2020-09-30 17:30:27,yuki_nagase,"【コメディ映画】ベスト10
あやしい彼女
https://t.co/LxeM3pnkHn #Amazon",1.311357754422907e+18
34,2020-09-30 17:31:46,Anne_And_God,Anne &amp; God book collection now available on Amazon!! If you order and enjoy please drop a review on the page! Gift season is just around the corner and this is a great gift! https://t.co/j52XtFwFX6 #humor  #comics #comic #webcomic #Amazon   #poetry #poem #poet #poets #poems https://t.co/e8T1ts4Ygo,1.311358088491004e+18
35,2020-09-30 17:29:51,robertstanek,"#bannedbooksweek When the malicious targeting of my books stopped suddenly, I thought someone must have finally caught the #Amazon insiders responsible and someone had, the Justice Department... 

https://t.co/HMWRuDfqpO

@bannedbooksweek #business #seattletimes #oregonian https://t.co/z2b0uShUxE",1.3113576037299487e+18
36,2020-09-30 17:29:04,WorldOfWaylon,"""Love #HPLovecraft? Chances are you'll love NIGHTMARE ESCAPADE, too!"" https://t.co/BtpK14yTyc #Horror #IndieAuthor #Halloween #Amazon #Kindle #Vampire #Zombies #Supernatural #Thriller #Books #Ghosts #HalloweenReads",1.3113574064761528e+18
37,2020-09-30 17:30:37,yuki_nagase,"【コメディ映画】ベスト10
翔んで埼玉
https://t.co/e9eldDMaXS #Amazon",1.311357798492504e+18
38,2020-09-30 17:29:59,DaniloRizziPsy,"Il Dialogo Interiore, il mio ultimo #libro è disponibile su #Amazon e su #Kindle in formato digitale.
Buona lettura https://t.co/rS7h3jEFEx",1.311357638836392e+18
39,2020-09-30 17:29:36,kakicchysmusic6,https://t.co/MaMFRamliO: A Major Music *remix: kakicchysmusic: MP3 Downloads https://t.co/LbvkDUHWpD #Amazon #Prime,1.3113575419436646e+18
40,2020-09-30 17:29:40,BoopDesy,"#RecomiendoLeer CATARSIS de @COZDENE📚

Hacemos nuestras vidas juntando trozos, a la manera de los campesinos que levantaban muros con las piedras que encontraban en los alrededores de sus fincas, para proteger sus propiedades. 

👉https://t.co/KLZ4vm7Xlt

#Amazon",1.3113575568461455e+18
41,2020-09-30 17:30:08,LM_Schmidt,Hey @amazon looks like you are supporting white supremacy. Not a good look. #WhiteSupremacy #amazon https://t.co/P6lpURzd0Z,1.3113576774280765e+18
42,2020-09-30 17:30:26,BarnetCarers,"Shop on AmazonSmile and Amazon donates to Barnet Carers Centre, at no cost to you. Please reach out to AmazonSmile Charity Support in case you have any questions. #barnetcarers #amazon #amazonsmile #support #carers https://t.co/wiI84iscf8 https://t.co/oNWBB3eiPC",1.311357749855318e+18
43,2020-09-30 17:30:13,EliaGuardiola,"¿Quieres la versión digital de mi #LibroHogarEs de desarrollo y #crecimientopersonal con #poesia sin teoría aplicada por solo 11,95€? 330 páginas a todo color. 😍📖

MÁNDAME MAIL A hola@eliaguardiola.com

El #libro físico puedes comprarlo en #Amazon o en https://t.co/sCveeHX547 https://t.co/EmrFVlpBxc",1.3113576954553016e+18
44,2020-09-30 17:31:32,reinadellowcost,"🌟 [𝗟𝗮 𝗿𝗲𝗶𝗻𝗮 𝗱𝗲𝗹 𝗟𝗼𝘄𝗰𝗼𝘀𝘁] 🌟

🔊 Lijadora Eléctrica, Meterk 13500 RPM Máquina para Pulir Masilla de Lijado de Pared 16pcs Sandpa #amazon

🌍 Enlace: https://t.co/OpEEWlGmBq

Te esperamos en telegram: https://t.co/Jxndx9pJCJ https://t.co/EgDZcPFYdm",1.311358029691003e+18
45,2020-09-30 17:30:03,amazon_rankinQ,"【ポータブルスピーカー】
Anker Soundcore Motion+ Bluetooth スピーカー 防水 高音質 重低音 apt-X 30W...
￥9,999
https://t.co/Bd1FkwkONX
#amazon",1.3113576535331635e+18
46,2020-09-30 17:30:11,yuki_nagase,"【コメディ映画】ベスト10
団地
https://t.co/To2pSPHbbI #Amazon",1.3113576882997084e+18
47,2020-09-30 17:28:16,JonathanHeatt,"My new ebook The Free Soul Screams is now available on Amazon:

https://t.co/P3afcqjBKs

#Poetry #Kindle #ebook #Amazon",1.3113572053045862e+18
48,2020-09-30 17:30:29,LivresCoryphene,"Les repasseuses (Degas 1834-1917) fait penser à JULIE #roman de #ColetteHoornaert.

#RESTEZPRUDENTS détendez-vous et #lisez ce magnifique #livre.
https://t.co/W0YUMbLZrt

#lecturedumoment #femmes #lecture #livres #campagne #lire #rural #amour #famille #hautsdefrance #saga #Amazon https://t.co/HKIwjTOYRu",1.311357764082557e+18
49,2020-09-30 17:30:48,yuki_nagase,"【コメディ映画】ベスト10
エイプリルフールズ
https://t.co/UHPEmaFucA #Amazon",1.3113578422390456e+18
,date,screen_name,tweet,tweet_id
0,2020-09-30 17:22:09,RoMemoria,"#Reseña de @Dolors111068 en #Amazon: Si de verdad amas la #Poesía; si buscas algo que te sorprenda y conmocione, entra en el universo #poético de Juan Sevillano y saborea sus #versos #Poeta #Poemas #Madrid https://t.co/dZftc7OhgD https://t.co/dPQ5eIakxl https://t.co/w2fruHlL1z",1.311355665907024e+18
1,2020-09-30 17:20:54,chollosyoferta,"#Chollo #Amazon 69% DESCUENTO ALPINA Granby Curry HM Red sph, Unisex Adult, One Size

Precio oferta: 82,81
Reacondicionado: 25,66

    👇👇👇👇👇👇👇
👉 https://t.co/SH6MZ8BIWF https://t.co/wOrsBhlEi5",1.3113553530917806e+18
2,2020-09-30 17:25:35,elsuperchollo,"💥 Super Precio!!! 💥 #Amazon 

Under Armour - Rush Heatgear Compression SL - Tanque Hombre 

Descuento ⭐️⭐️⭐️⭐️⭐️ 75% 

💵 Precio desde 12,41 EUR

🔰 Enlace: https://t.co/yoG3r9gLdE 

🌐 https://t.co/zAc5ZEJ5T7 https://t.co/Xy76gCz3Zr",1.31135653026927e+18
3,2020-09-30 17:22:36,dario_di_prisco,"Top story: @viciocort: '#ecommerce #Shopify l'anti #amazon via @Corriere ' https://t.co/fkbrDzgwUL, see more https://t.co/RJsgAgUO9n",1.3113557803193917e+18
4,2020-09-30 17:22:01,XperienceDope,"Blasting Max B, French Montana - Don't Push Me (Club) right now on Pretty Dope Xperience Radio aka #BlackPandora

listen now and catch a wave!! https://t.co/VqKFopeoex  #nowplaying #np #RT  #NowStreaming #Streema Download Now #Alexa #GooglePlay #iOSAppStore #Amazon #",1.3113556326966764e+18
5,2020-09-30 17:21:58,chollosyoferta,"#Chollo #Amazon 55% DESCUENTO Levi's Housemark Graphic tee Camiseta, Azul (Hm Outline Sodalite Blue 0243), L para Hombre

Precio oferta: 27,08
Reacondicionado: 12,02

    👇👇👇👇👇👇👇
👉 https://t.co/n976FgSAuR https://t.co/yUXT94OEFW",1.3113556203192115e+18
6,2020-09-30 17:24:01,DuckTalesW00H00,"Amazon’s internal records show its worker safety deception

Internal records show Amazon has deceived the public on rising injury rates among its warehouse workers.

#WorkersRights #Amazon #AmazonWarehouses #OSHA #JeffBezos #Bezos #AmazonFCTours #JobSearch https://t.co/t4SERfC89G",1.311356137741013e+18
7,2020-09-30 17:25:40,ckwlpn,#Pillow #Children #Cheerleader #Homedecor #cotton #bedding #Amazon Crystals Crafty ... https://t.co/EtOafD8kZZ via @amazon,1.3113565510017106e+18
8,2020-09-30 17:25:11,CoolDealCA,"10 Pack of Assorted Yankee Candles for $21!! 🕯 

#freebies #deals #deal #moneysaver #greatdeal #steals #discount #sale #bargain #bargainshopper #cheap #bestprice #Amazon  #Deals #giveaway #Deal #ganga

 https://t.co/jN1NBNFYut https://t.co/aHQzDeDhMf",1.3113564289181573e+18
9,2020-09-30 17:21:38,mepicaelchollo,"5) Pack 180 servilletas Colhogar por 1,09€ en Amazon 💥

https://t.co/bbuB4DPLjy

#servilletas #amazon #chollos #chollo #30Septiembre",1.3113555364835287e+18
10,2020-09-30 17:25:05,XperienceDope,"Blasting Wizeguy - Its Wet Out Here Feat. Mr. Fairlane right now on Pretty Dope Xperience Radio aka #BlackPandora

listen now and catch a wave!! https://t.co/VqKFopeoex  #nowplaying #np #RT  #NowStreaming #Streema Download Now #Alexa #GooglePlay #iOSAppStore #Amazon #",1.3113564053628928e+18
11,2020-09-30 17:24:38,elsuperchollo,"No lo hay más barato #Amazon 

Under Armour - Qualifier Speedpocket Roadside Runway - Legging Mujer 

Ofertita de la buena ✨ 26% 

💵 Precio desde 19,99 EUR

🔰 Enlace: https://t.co/LQcb6JTzXj 

🌐 https://t.co/zBKNB2U5th https://t.co/th5QDQMLyV",1.3113562928884408e+18
12,2020-09-30 17:26:35,creativemm12,"#タミヤ(TAMIYA) の タミヤ グレードアップパーツシリーズ No.420 GP.420 ニッケル水素電池 ネオチャンプ (2本)
https://t.co/6Gz94TbeTE
#相互リツイート
#마켓팅
#amazon
#Henrik #Lundqvist
#Britbox
#天文台",1.311356781700903e+18
13,2020-09-30 17:27:31,loveQhuay,"❗ＰＲＥ－ＯＲＤＥＲ ＮＯＷ ❗

📖 𝙎𝙪𝙧𝙫𝙞𝙫𝙞𝙣𝙜 𝙩𝙝𝙚 𝘽𝙧𝙚𝙖𝙠 by C.P. Harris  @CPauthor comes out on 𝕆𝕔𝕥𝕠𝕓𝕖𝕣 𝟞𝕥𝕙 (less then 1 week YAY)

And you can pre-order the ebook now! Clickity-click-click😉

🖱https://t.co/4O9tmyzbVW

#preorder #amazon #mmromance https://t.co/KKTC3vfd4o",1.3113570194216346e+18
14,2020-09-30 17:26:31,elsuperchollo,"A por ello 🏃 #Amazon 

Under Armour - Sportstyle Pique Track Jacket Chaqueta Hombre 

Descuentazo de locos 35% 

💵 Precio desde 32,40 EUR (Amazon Prime)

🔰 Enlace: https://t.co/cPnUEvmDG1 

🌐 https://t.co/9tqj6IsUgV https://t.co/e73tv5BBPR",1.3113567648315187e+18
15,2020-09-30 17:23:24,LuzAzulEditores,"❗️❗️Atención. Ya está a la venta la versión electrónica de «Diabolus» del reconocido antropólogo Simon Pieters.
—&gt; Amazon: https://t.co/BB3tQ7X6B2
—&gt; Apple: https://t.co/1JB2wOOnA6
—&gt; Google Books: https://t.co/8iXegN04xc
—&gt; Kobo: https://t.co/CkPPYWeTkL
#Amazon #ebook #leer https://t.co/4QlkgXT4RZ",1.3113559805218447e+18
16,2020-09-30 17:23:13,chollosyoferta,"#Chollo #Amazon 57% DESCUENTO Walser 12457 George Premium Base para Asiento Infantil, Kindersitzunterlage XL

Precio original: 21,95
Precio oferta: 14,95
Reacondicionado: 9,34

    👇👇👇👇👇👇👇
👉 https://t.co/zlp97hheEP https://t.co/V9mCAraCfI",1.3113559341832397e+18
17,2020-09-30 17:27:03,rakten_kaden_,"10/01 02:27

象印　ZOJIRUSHI　圧力IH炊飯ジャー　炎舞
【楽天】54549円
【Amazon】56603円

★楽天で購入すると★
 2054円 お得（お得率4％）

↓お得な情報を一覧で確認出来るサイト
https://t.co/kMQYxgL6Rh

#楽天市場 #Amazon #お得 #せどり https://t.co/GAuUzw1fUc",1.311356900202541e+18
18,2020-09-30 17:23:16,sarah_tshirt,"Are You Looking Eye-cashing T-shirt Design ?
** Per T-Shirt Design 1 USD
.
More_Info:https://t.co/5etzQZ6Dbr    
.
.
#tshirt #tee #shirt #t_Shirt #web #banner #bulk #offer #logo #designer #design #WordPress #AdobeIllustrator #cover #designer #Amazon #new #business #artwork https://t.co/Ex0PkOcoz9",1.3113559461158543e+18
19,2020-09-30 17:27:49,lavibrante,#Amazon anunció lanzamiento del nuevo sistema de pago con la palma de la mano #Noticias #lavibrante #AEstahora Leer más... https://t.co/smZcfzsCCz #news #pagos,1.3113570934678733e+18
20,2020-09-30 17:22:27,landonsmum,Don’t Miss This #AMAZON #GIFTCARD #GIVEAWAY! #FREEBOOKS #KINDLE #AMREADING https://t.co/JRP36X0B1E,1.3113557407207793e+18
21,2020-09-30 17:26:33,EricJLagarrigue,"Poesía reunida (1970-2015) 
Toda la #Poesía de Juan Sevillano @RoMemoria disponible en #Amazon  

https://t.co/bIHRgZ6kxl",1.3113567758499594e+18
22,2020-09-30 17:21:22,elsuperchollo,"Yo ❤ esta oferta #Amazon 

New Balance - 574v2 Core Trainers, Zapatillas para Hombre 

Rebajón del 34% 

💵 Precio desde 59,58 EUR (Amazon Prime)

🔰 Enlace: https://t.co/Xcio4RX3hW 

🌐 https://t.co/n9tRHkAnuP https://t.co/9AEVRqa8su",1.3113554701254533e+18
23,2020-09-30 17:25:00,Haidji,"“…put them under KNIVES and DIETS, without to realize the BEAUTY of their own beings.” Click on https://t.co/Jv4IfVQBpn   #quoteoftheday #quotes #kindleunlimited #bookquotes #read #ebook #ku #paperback #amazon  #inspiration #haidji #goodreads #books #read #reading #Book https://t.co/vYfYKVyc0m",1.311356384328536e+18
24,2020-09-30 17:20:10,OfertacularRL,"‼️PRECIO TOP‼️ 👁‍🗨 #cholloshot #Amazon #chollo #oferta #ganga

⚫️ Smartwach UMIDIGI 

🛒: ➡️ https://t.co/CQqc7EzzU7 ⬅️

🟢 https://t.co/SdTO2TTDka https://t.co/tQp8lh7cQz",1.3113551697502536e+18
25,2020-09-30 17:21:33,Rinshad47321943,"Thanks #OnePlus8T5GAmazonQuiz 
#amazon https://t.co/EYcp6w1Brz",1.311355515599954e+18
26,2020-09-30 17:22:25,coherentmedia,#Amazon already has a poor track record on #dataprivacy and the US has no useful legislation protecting people from having their #biometric data weaponized against them. https://t.co/5nMW790nk5,1.3113557342029988e+18
27,2020-09-30 17:21:36,mepicaelchollo,"2) Pack de dos cartuchos de filtración para Spa Intex Tipo S1 por 4,89€ en Amazon 💥

https://t.co/lFPVMAytTs

#Amazon #barato #mejoresofertas #oferta #ofertas",1.311355529143505e+18
28,2020-09-30 17:22:25,sakaetrist,"Seriously @amazon, you’re selling racist merchandise. Wow. 😑@JeffBezos, this is #shameful, and you ought to know better. #amazon https://t.co/8k58NrrRRn",1.3113557356289024e+18
29,2020-09-30 17:20:23,chollosyoferta,"#Chollo #Amazon 77% DESCUENTO Graef FK 703 Cafetera, 1200 W, De plástico, Acero Inoxidable

Precio oferta: 162,9
Reacondicionado: 36,16

    👇👇👇👇👇👇👇
👉 https://t.co/LUb97wtiZK https://t.co/vGVgwWNN4k",1.3113552208453059e+18
30,2020-09-30 17:20:10,SolTaylorRdL,"No te pierdas esta divertida guerra de hostiles desfiles, vertiginosas curvas y descarados desplantes.

Léela aquí 👉 https://t.co/8AHqQkHSPO

#kindle #KindleUnlimited #Amazon #ebook #romantica #comedia #humor #romance #leer #novela #amor https://t.co/0FpXr0FvUz",1.3113551689324667e+18
31,2020-09-30 17:21:52,EricJLagarrigue,"EL ESPEJO EGIPCIO, de @pilarescritora

¿Qué pasaría si un día al comprar un espejo tu vida se convirtiera en una pesadilla? 

https://t.co/l47nd4vnCs
https://t.co/55jDUubtd8

#KindleUnlimited #RecomiendoLeer #Amazon #suspense",1.3113555954093138e+18
32,2020-09-30 17:27:31,BoopDesy,"RAZIEL Y EL DESPERTAR DE LOS SUEÑOS...
@Razielyeldesper
Un #Thriller #apasionante...
Una #aventura #inolvidable
Un paseo por el pasado y una entrada a un futuro #increíble
#sobrenatural
#mágica
#amazon #KindleUnlimited 
@ja_gonzalez49 
https://t.co/nFTK0zwLqN
También en papel. https://t.co/shyI87t1ZM",1.311357015873196e+18
33,2020-09-30 17:22:03,rakten_kaden_,"10/01 02:22

シャープ 除湿機 兼 加湿 空気清浄機 プラズマク
【楽天】54980円
【Amazon】58800円

★楽天で購入すると★
 3820円 お得（お得率7％）

↓お得な情報を一覧で確認出来るサイト
https://t.co/kMQYxgL6Rh

#楽天市場 #Amazon #お得 #せどり https://t.co/1HWkAZ6jeU",1.3113556402252145e+18
34,2020-09-30 17:26:44,UnionsTheo,"This is exciting.

Pressure is mounting for the EU Commission to #InvestigateAmazon.

Has the time come for #Amazon to taste its own medicine and be the subject of surveillance?

https://t.co/5QuiI92tHs",1.311356822440358e+18
35,2020-09-30 17:23:46,elsuperchollo,"Yo ❤ esta oferta #Amazon 

Under Armour - Hybrid - Pantalón Hombre 

Rebajón del 72% 

💵 Precio desde 19,33 EUR

🔰 Enlace: https://t.co/zFrIgyHoX1 

🌐 https://t.co/gC91sufetI https://t.co/eWOOyPSegt",1.31135607299362e+18
36,2020-09-30 17:25:00,Haidji,"Book Quote:""You can't stand up while you're still falling."" Click on  https://t.co/eo5QtWZFfC #wearamask #quoteoftheday #quotes #kindleunlimited #bookquotes #read #ebook #ku  #paperback #amazon  #inspiration #haidji #goodreads #books #read #reading #BookBoost #book https://t.co/tg3heq8App",1.311356383741145e+18
37,2020-09-30 17:23:46,landonsmum,Help me win #amazon gift card from @AuthorDebMason at @FreshFiction https://t.co/FTpIyN4Uh9,1.3113560749396705e+18
38,2020-09-30 17:22:40,elsuperchollo,"Precio de locuraaaa❗❗ #Amazon 

Under Armour - Armour Down Hooded - Chaqueta Mujer 

⚡️ Super descuento ⚡️ 63% 

💵 Precio desde 55,47 EUR (Amazon Prime)

🔰 Enlace: https://t.co/reE4XVx6M5 

🌐 https://t.co/HBMiDqEoPO https://t.co/rBavB0EBd7",1.3113557978851246e+18
39,2020-09-30 17:25:10,CoolDealCA,"#Apple AirPods with Charging Case for $129!! (Retail: $159)

#freebies #deals #deal #moneysaver #greatdeal #steals #discount #sale #bargain #bargainhunter #bargainshopper #cheap #bestprice #Amazon  #Deals #giveaway #Deal #ganga

 https://t.co/i8NKuO72jn https://t.co/2UCvV2pTc9",1.3113564260828078e+18
40,2020-09-30 17:21:57,GraphicsShuvo,"Check out my Gig on Fiverr: do amazon product photo background removing and retouching https://t.co/GkdDGVdh8F 
♥♥♥♥♥♥♥♥♥♥♥♥♥♥
#Amazon #eBay #shopify #whitebackground #Transparent #Delete_Background",1.3113556177941217e+18
41,2020-09-30 17:20:18,elsuperchollo,"No lo hay más barato #Amazon 

Epson WF4720 Impresora multifunción c11cf74402, Ya disponible en Amazon Dash Replenishme... 

Rebajón del 39% 

💵 Precio desde 136,21 EUR

🔰 Enlace: https://t.co/MuN6YlL07f 

🌐 https://t.co/s4jZDVRNUp https://t.co/qpAORbGGeO",1.311355199584432e+18
42,2020-09-30 17:24:01,Ruben_alone,"Y este #paquete de #amazon que ha llegado.... para quién será? 🧐 @amazonespana 
.
#happybirthday is #comming  🎂 🎁 🎈 https://t.co/clo4D7uoej",1.3113561370910925e+18
43,2020-09-30 17:21:37,mepicaelchollo,"4) Cortador de verduras Sboly por 13,09€ en Amazon 💥

https://t.co/ihMWZyFDsz

#verduras #30sep #amazon #chollo #ofertas",1.311355534491226e+18
44,2020-09-30 17:20:03,FuturumResearch,".  @amazon devices launched a series of new products but its focus on sustainability, innovation and privacy made the biggest splash. https://t.co/a7Da9iwZRV  $AMZN #Amazon #sustainability #innovation #privacy https://t.co/xe8MNA1Khv",1.3113551406544036e+18
45,2020-09-30 17:21:45,ShopCoreProp,"If you can't beat them, join them. After Amazon announced the return of Amazon Prime Day on October 13 and 14, Target responded with a statement that Target Deal Days would return as a two-day sales event on the same days. https://t.co/G3GZB30eFc #target #amazon #ecommerce #sales",1.311355565084414e+18
46,2020-09-30 17:28:04,AlanSomoza,"¿Buscas #algoparaleer ? ¡Ya puedes leer el volumen 2 de la aclamada serie de #CienciaFicción ! ¡Más de 5000 ejemplares vendidos! Disfruta de los nuevos singles de Cruzados de las Estrellas en #Amazon , #libros #literatura #lectura #ebook https://t.co/cJDwKujOJF https://t.co/T3Lp9USifZ",1.3113571581524582e+18
47,2020-09-30 17:20:06,chollosyoferta,"#Chollo #Amazon 90% DESCUENTO Centro de Planchado 2400 W, 150 g/m, 5.4 Bares

Precio original: 179,0
Precio oferta: 89,99
Reacondicionado: 17,88

    👇👇👇👇👇👇👇
👉 https://t.co/MOjVlHU9pj https://t.co/tWpSKTua4o",1.3113551502216847e+18
48,2020-09-30 17:27:28,_mis_ter_e_,"Make #Superman LEGO portraits !

#dccomics #HenryCavill #christopherreeve #batman #benaffleck #JusticeLeague #JusticeLeagueSnyderCut #JusticeLeagueTheSnyderCut #amazon #kindle #kindlebooks #kindleunlimited #dcfandome
https://t.co/zTZgg0RgVe",1.3113570040830812e+18
49,2020-09-30 17:25:40,MeEmrich,"The wind decorated this branch with one of my flowers.
Nature © photo by M. Emrich #MEmrich #ElyssePoetis #Pseudonym #Books #Amazon 🇺🇸 #Author #Poet #Photographer #Canon #Camera #Flowers #Nature #NatureCanada #LoveMyFlowers #KitchenerInBloom #Kitchener #Waterloo #ON #Canada 🇨🇦 https://t.co/CPRoiUGQ9t",1.3113565503390106e+18
,date,screen_name,tweet,tweet_id
0,2020-09-30 17:14:32,Shakunt53264225,@bhartijainTOI @amazonIN @Apple @AppleSupport Boycott #Amazon,1.3113537503012045e+18
1,2020-09-30 17:20:03,AlanSomoza,"Cruzados de las Estrellas,Volumen 1 aterriza en la #Peluqueria @mamenbatrespelu #Parla @ViasLiterarias de @BarriosdeLetras
https://t.co/uFqK8TZvwJ
La mejor literatura mientras esperas. #amazon #libros #literatura #lectura #ebook https://t.co/9JDIiBTcfk",1.3113551395093586e+18
2,2020-09-30 17:17:32,landonsmum,Wow! It’s a #YOUNGADULT #GIFTCARD #GIVEAWAY #AMAZON #KINDLE https://t.co/Cc8yfYQ3xO,1.3113545045545083e+18
3,2020-09-30 17:18:10,ChikoCfM,Have you purchase your Halloween Face Masks yet? The days are flying by quickly and soon enough it will be Halloween. Checkout these in fashion and trendy masks from Amazon #Amazon #facemasks #halloween #halloweenmasks https://t.co/yWU0YaZeO0 via @pinterest @amazon,1.3113546625540424e+18
4,2020-09-30 17:16:27,OnlyGearBest,"🌟 [𝗢𝗻𝗹𝘆 𝗚𝗲𝗮𝗿𝗯𝗲𝘀𝘁] 🌟

🔊 AUCARY Marco de Fotos Digital 10.1 Pulgadas LCD (1920 * 1080),Full HD Pantalla IPS Soporte para #amazon

🌍 Enlace: https://t.co/TOakHgKVe2

Te esperamos en telegram: https://t.co/mPaN5u2fFj https://t.co/pozXXyNPfQ",1.3113542327931085e+18
5,2020-09-30 17:15:23,Goldenlogos1,"@444Kawun Do you #need #product #packaging #design for your #business, #company #website,, #hospital, , #shop and #ebay #amazon , #shopify store or any other purposes. Here is the best seller on #fiverr Now you are in right place.

https://t.co/pKN4dOs20T",1.3113539634683986e+18
6,2020-09-30 17:18:13,Ismatara32Ara,Check out my Gig onhttps://www.fiverr.com/ismatdesigner/do-any-product-photos-background-remove-professionally  #Amazon #photographer #amazonsellers #photoart #photoshop #imageediting #backgroundremoval #photoretouching #MAGA #PMQs #RejectedNamesForBands https://t.co/9NeNqGRQTx,1.3113546763951636e+18
7,2020-09-30 17:16:29,MenudoPaquete,"🌟 [𝗠𝗲𝗻𝘂𝗱𝗼 𝗣𝗮𝗾𝘂𝗲𝘁𝗲] 🌟

🔊 AUCARY Marco de Fotos Digital 10.1 Pulgadas LCD (1920 * 1080),Full HD Pantalla IPS Soporte para #amazon

🌍 Enlace: https://t.co/PoIfRZPLO6

Te esperamos en telegram: https://t.co/IbEojfZpa4 https://t.co/2Pi0edLvaq",1.3113542408881766e+18
8,2020-09-30 17:16:28,Q6pkCjf6qw3LbYy,インスタ、アメブロもしてますよ！#副業 #ネットビジネス #稼ぎたい方 #輸入販売 #輸出販売 #amazon,1.311354237280858e+18
9,2020-09-30 17:14:30,PeterRuLa,Join me in asking @FP_Champagne not to reward the destruction of the #Amazon! 🔥🔥 Immediately halt the Canada-Mercosur free trade deal &gt;&gt; #ActForAmazon #ClimateAction @GreenpeaceCA https://t.co/ozijdYU847,1.3113537402728407e+18
10,2020-09-30 17:17:17,BiometricUpdate,"#Amazon launches #contactless palm #biometrics for retail, access control markets https://t.co/eTI99Ker5A",1.3113544436324434e+18
11,2020-09-30 17:19:24,MITickWatcher,"#Amazon $AMZN Has A Good #Technical Analysis Score (TA Score). Breakdown Of 3 Categories: #candle score Weak; moving average score Excellent; #momentum score Good #stocks #stock #StockMarket #Investment #investing https://t.co/Gr3YvQQ4OY
https://t.co/oQAQdeiIY7 https://t.co/mtfZuH6QfK",1.3113549762418115e+18
12,2020-09-30 17:17:24,ModetrendA,Calvin Klein https://t.co/elMDhK5jLa #fashiondesigner #onlineshopping #handmade #womenswear #womeninbiz #businesswear #smallbiz #dresscode #fashionblogger #moda #trending #fashion #amazon @amazon #holiday #blackfriday #thanksgiving #cybermonday https://t.co/x69vl75GWK,1.3113544722711716e+18
13,2020-09-30 17:16:06,Goldenlogos1,"@taeasylove Do you #need #product #packaging #design for your #business, #company #website,, #hospital, , #shop and #ebay #amazon , #shopify store or any other purposes. Here is the best seller on #fiverr Now you are in right place.

https://t.co/pKN4dOs20T",1.3113541436304753e+18
14,2020-09-30 17:16:06,cf_hanz,"Success!!
#乙葉ななせ ☆Presents*
https://t.co/nGtb1R16p0
#DMM https://t.co/yniDRs4EHf
#Amazon https://t.co/Q6GYKS9luG
#R18 #クラウドファンディング",1.3113541445196308e+18
15,2020-09-30 17:15:18,CoolDealCA,"Look Good, Feel Good 🦷 

Teeth Whitening Kit 

Whitening Strips 

#freebies #deals #deal #moneysaver #greatdeal #steals #discount #sale #bargain #bargainhunter #bargainshopper #cheap #bestprice #Amazon  #Deals #giveaway #Deal #ganga

 https://t.co/lkYchJnTKV https://t.co/xdIpdDylts",1.311353945152e+18
16,2020-09-30 17:16:00,Haidji,"Book Quote: ""Eccentric is a nice word to..."" Click on  https://t.co/Stxx1nt5wg #eccentric https://t.co/uvDWeiZBrK #eccentric #quoteoftheday #quotes #kindleunlimited #amazonbooks #amazon   #inspiration #haidji   #goodreads #books #read #reading #bookblogger #book https://t.co/LhBG5eMg21",1.311354118431277e+18
17,2020-09-30 17:15:38,ESSENTIALDEALZ,"AMAZON PRIME FOR JUST $5.99/Month 😱!!!!
DON't MISS OUT!!
#essentialdealz #crazydelaz #musthave #foryourpage #amazonprime #amazon
CLICK HERE NOW: https://t.co/TRvogFve6E",1.3113540260810916e+18
18,2020-09-30 17:15:10,MacsOnly,"2020 13"" 2.0GHz/1TB #Apple #MacBook Pros for $1849 at #Amazon, $150 off. Free ship. https://t.co/FHXkCS31Ab",1.3113539085189448e+18
19,2020-09-30 17:16:25,XperienceDope,"Blasting Nicki Minaj - Yikes right now on Pretty Dope Xperience Radio aka #BlackPandora

listen now and catch a wave!! https://t.co/VqKFopeoex  #nowplaying #np #RT  #NowStreaming #Streema Download Now #Alexa #GooglePlay #iOSAppStore #Amazon #",1.3113542250043392e+18
20,2020-09-30 17:15:17,CoolDealCA,"Pearly Whites 🦷 

Bright Teeth Whitening Kit with LED Light Mouth Tray for $19.86!!

#freebies #deals #deal #moneysaver #greatdeal #steals #discount #sale #bargain #bargainhunter #bargainshopper #cheap #bestprice #Amazon  #Deals #giveaway #Deal #ganga

 https://t.co/BVSqlJqbJD https://t.co/V5f50E13mC",1.3113539389234012e+18
21,2020-09-30 17:15:33,Goldenlogos1,"@ohseijoooh Do you #need #product #packaging #design for your #business, #company #website,, #hospital, , #shop and #ebay #amazon , #shopify store or any other purposes. Here is the best seller on #fiverr Now you are in right place.

https://t.co/pKN4dOs20T",1.3113540048871506e+18
22,2020-09-30 17:15:28,Goldenlogos1,"@Vv_sunnie @taeasylove @lovexkuroo Do you #need #product #packaging #design for your #business, #company #website,, #hospital, , #shop and #ebay #amazon , #shopify store or any other purposes. Here is the best seller on #fiverr Now you are in right place.

https://t.co/pKN4dOs20T",1.3113539844147487e+18
23,2020-09-30 17:14:22,Goldenlogos1,"Do you #need #product #packaging #design for your #business, #company #website,, #hospital, , #shop and #ebay #amazon , #shopify store or any other purposes. Here is the best seller on #fiverr Now you are in right place.

https://t.co/pKN4dOs20T",1.3113537089579827e+18
24,2020-09-30 17:17:11,audreyanne444,"The book, the shirt, the bookmark, @carri_solomon is diggin’ her hook up. #TheSlowMidnightOnCypressAvenue by @MikeFigs is available at #barnesandnoble #amazon #bookculture #walmart #target and more #ebook #kindle Dm me for #tshirts and give Mike a follow. #NewYorkCity https://t.co/3oIgdnsuWm",1.31135441852536e+18
25,2020-09-30 17:15:29,Charlie_Cawood,"Kylie Minogue - New York City #bigtimeradio https://t.co/N76xPoatRr @Charlie_Cawood @BigTimeRadio1 @bigtime_news
 on #Amazon Echo &amp; App https://t.co/c7cZfm4MQo  #Top40 #Music 247 #Worldwide 3 #Radio #Stations 43 #Countries #Interviews #Billboard https://t.co/JiPHr6jZyC  #SUBMI",1.311353991285158e+18
26,2020-09-30 17:15:10,RoMemoria,"Si de verdad amas la #Poesía; si, de verdad, buscas algo que te sorprenda y conmocione, entra en el universo #poético de Juan Sevillano y saborea sus #versos #Poeta #Poemas #Amazon #KindleUnlimited #Madrid https://t.co/dZftc7OhgD https://t.co/dPQ5eIakxl https://t.co/oNmOxWTJMA",1.3113539114841416e+18
27,2020-09-30 17:16:28,reinadellowcost,"🌟 [𝗟𝗮 𝗿𝗲𝗶𝗻𝗮 𝗱𝗲𝗹 𝗟𝗼𝘄𝗰𝗼𝘀𝘁] 🌟

🔊 AUCARY Marco de Fotos Digital 10.1 Pulgadas LCD (1920 * 1080),Full HD Pantalla IPS Soporte para #amazon

🌍 Enlace: https://t.co/uW8wVSRtMU

Te esperamos en telegram: https://t.co/Jxndx9pJCJ https://t.co/Vi2k5l32lG",1.3113542369581097e+18
28,2020-09-30 17:17:23,hispachollos,"🌀 [Versión actualizada] Micrófono para Cámaras, EIVOTOR Micrófono Externo y Estéreo para Videocámara y Cámara de Fotos Réflex con Mic Jack de 3.5 mm. #Amazon 🇪🇸

🕘 PRECIO FLASH: 11,98€

💶 Precio oferta: 17,69€ 💥

💳 Enlace: https://a ...
https://t.co/IgIcd0euHZ
#chollo",1.3113544664578376e+18
29,2020-12-04 16:50:25,ProcterGamble,"Everyone has the power to do SOMETHING. Tune in at 7 p.m. Dec. 10 to #TriState Strong: Getting to Zero to be inspired by how your neighbors &amp; familiar faces from health care, media and business have pulled together #TriStateStrong #GettingToZero",1.3349028910736097e+18
30,2020-09-30 17:18:52,BoopDesy,"#Rt y #Leer @jb_mahoney

""RELATOS SOBRE LO INESPERADO"", 2da. edición con 4 nuevas historias, 26 relatos con final inesperado, narrativa juvenil.

#Amazon
 https://t.co/rkJuIyVezt https://t.co/sJSx7I4pPH",1.3113548403381043e+18
31,2020-09-30 17:16:01,StoriesOfTheDa1,"It's a boy! #design on @3dRoseLLC and @amazon!
https://t.co/hCmVPW8TNt
Sold 2! Thank you to the buyers!
#amazon #3drose #babyshower #family #giftguide #giftideas #baby #preggers #itsaboy",1.311354122394833e+18
32,2020-09-30 17:14:53,AntJimz,"Last Chance! Would you like to win a $50 Amazon Gift Card or PayPal Deposit? Check out this easy entry Gleam giveaway for a chance to #WIN

Open Worldwide

@GooseGiveaways #wingiftcard #wincash #amazon #paypal #winmoney #sweepstakes #giveaways https://t.co/k90Yx3NSdw",1.3113538379413914e+18
33,2020-09-30 17:18:08,BoopDesy,"📚LA REDENCIÓN DE LOS MALDITOS, nueva #novela de 
@AOrozcoGuerrero
 ¿Somos victimas de nuestro pasado o tenemos la posibilidad de cambiar?

Disponible en #Amazon 👉 https://t.co/5XNgXfBjZF

#PLA2020 #Amazon #KindleUnlimited https://t.co/P3JtslDYcO",1.3113546581711135e+18
34,2020-09-30 17:14:36,GolamMusad,"Check out my Gig on Fiverr: I will do professional business or minimalist logo design https://t.co/JIRDknafAM 

#Dembele #Lisa #Exchange #jennie #BTSWEEK #America  #Chelsea #DeFi #DynamiteToday #graphicdesign #Amazon #logodesign #Fiverr #fashion #3dlogo #customlogo #logomaker #fl",1.3113537688861655e+18
35,2020-09-30 17:16:14,Goldenlogos1,"@JordanHours @TRVSSCTBURGER Do you #need #product #packaging #design for your #business, #company #website,, #hospital, , #shop and #ebay #amazon , #shopify store or any other purposes. Here is the best seller on #fiverr Now you are in right place.

https://t.co/pKN4dOs20T",1.3113541767193436e+18
36,2020-09-30 17:15:10,creativemm12,"👉https://t.co/XLWP7nJUjv  #amazon👈
💯👉Auto Follower👈💯
💯👉#自動相互フォロー👈💯

#TFW
#Disney
#Hugh #Jackman
#Bad #Bunny #Crocs
#followergenerator
#TFW
#TeamFollowBack
#相互リツイート
#autofollower
#FollowNGain
#bts
#seventeen",1.3113539107626967e+18
37,2020-09-30 17:14:42,sheffdeals,"💥DON'T MISS AMAZON PRIME DAY💥

SIGN UP FOR AMAZON PRIME FREE TRIAL TODAY!

Trial last for 30 days - Prime Day Oct 13-14th

Click Link Below👇
https://t.co/uVmStlUeMJ

#deals #PresidentialDebate2020 #Debates2020 #debates #amazon #InternationalPodcastDay  #techtwitter #sheffdeals https://t.co/cGfC7LLHex",1.3113537902060093e+18
38,2020-09-30 17:18:12,Pizzazz_Books,"Life is not simple for a medium, especially in Asheville, North Carolina! 
★A MEDIUM'S ENGAGEMENT★ 
🦉https://t.co/JUblICSrOk  

https://t.co/2p0BC27V64 #ASMSG #amazon
""@chariss_walker
✎via Pizzazz Book Promotions https://t.co/OfIQDxahgO
https://t.co/bQRE6tBxaf",1.3113546717102449e+18
39,2020-09-30 17:18:08,JazzCollective,"【1stアルバム】""JAZZ COLLECTIVE""(2012)をAmazonで購入する ☞ https://t.co/aDDcRdxEwX #Amazon #music #jazz #collective #DJ #dance #techno #house",1.3113546545932247e+18
40,2020-09-30 17:19:07,MisfitsWorldwi1,"New Album Out Now
#MakeAngerGreatAgain
Available 
#Spotify
#Amazon https://t.co/ZS4KKAgvkc",1.3113549021872579e+18
41,2020-09-30 17:16:22,Goldenlogos1,"@loloknoscene Do you #need #product #packaging #design for your #business, #company #website,, #hospital, , #shop and #ebay #amazon , #shopify store or any other purposes. Here is the best seller on #fiverr Now you are in right place.

https://t.co/pKN4dOs20T",1.3113542097578476e+18
42,2020-09-30 17:19:40,2BRUKREW,"“Keepers Of The Gate” are antiheroes fighting hellfire &amp; vanquishing demons w/machineguns, swords &amp; grenades to protect modern-day L.A. from hell’s legions! Only .99 cents on #Amazon! 
https://t.co/aGmThnbvQs
https://t.co/dQcijhT0Q7
#WeDoMoreWednesdays 
https://t.co/3OHDhHxkA5",1.3113550424278426e+18
43,2020-09-30 17:16:52,tetoromx32,"今年の冬はスーマリ35・あつ森・桃鉄で巣ごもり。

『スーパーマリオ 35』10月1日配信開始。バトルロワイヤル×マリオで1位を目指せ！

#NintendoSwitch #桃太郎電鉄 #桃鉄 #コナミ #Amazon #予約
https://t.co/6RtTuSwKuu",1.3113543366901514e+18
44,2020-09-30 17:17:56,elsuperchollo,"📌 Chollazo 💥💥 #Amazon 

Collar para Mujer - Mi Destino - Colgante de Corazón a Corazón, Cristales de Swarovski, ... 

Descuento ⭐️⭐️⭐️⭐️⭐️ 51% 

💵 Precio desde 12,34 EUR

🔰 Enlace: https://t.co/95YY5AyzGx 

🌐 https://t.co/ZMcEEeKSPl https://t.co/biblMHLxdQ",1.3113546074577756e+18
45,2020-09-30 17:15:44,Goldenlogos1,"@TouchdownJuIio @IcyTJay Do you #need #product #packaging #design for your #business, #company #website,, #hospital, , #shop and #ebay #amazon , #shopify store or any other purposes. Here is the best seller on #fiverr Now you are in right place.

https://t.co/pKN4dOs20T",1.3113540515823288e+18
46,2020-09-30 17:16:00,Haidji,"Book Quote: ""It is not that each one of us has the..."" Click on  https://t.co/PwWYpPWrL9 #quoteoftheday #quotes #kindleunlimited #bookquotes #read #ebook #ku  #paperback #amazon  #inspiration #haidji #goodreads #books #read #reading #BookBoost #book https://t.co/fenIbqtWOp",1.3113541185360773e+18
47,2020-09-30 17:18:13,Nuria_Elisabeth,"#Lee #Mundanae de
Sebastian Fierro y síguelo🔽
@cadexperto
#Juàrez
#Chihuahua
una novela para reflexionar acerca de las múltiples posibilidades de relación con lo que nos rodea en otros mundos, con personajes increíbles que no vas a dejar de amar
#Amazon https://t.co/QSCUMnUKvK",1.3113546764749373e+18
48,2020-09-30 17:17:02,rakten_kaden_,"10/01 02:17

パナソニック Panasonic ES-WF41-
【楽天】2619円
【Amazon】2644円

★楽天で購入すると★
 25円 お得（お得率1％）

↓お得な情報を一覧で確認出来るサイト
https://t.co/kMQYxgL6Rh

#楽天市場 #Amazon #お得 #せどり https://t.co/vxDrCYEwlw",1.3113543801976586e+18
49,2020-09-30 17:18:09,AmazonCoin_io,"AmazonCoin ⬇
$AMA ➡ $0,0178

👉👉 https://t.co/GydSZXKIno 🌿

#amazoncoin #amazon #nature #decentralized #green #cryptocurrencies #cryptocurrency #crypto #defi #dex #cryptonews #ethereum #ether #eth #blockchain #coin #token #ico #tokensale #startup #bitcoin  #btc $BTC $ETH https://t.co/ORt741EZnE",1.3113546589847347e+18
,date,screen_name,tweet,tweet_id
0,2020-09-30 17:07:04,RoMemoria,"ELEFANTES AMARILLOS, de @zaidacastillo51 , una colección de #relatos cortos y #poesía que muestra una visión sobre el dolor ajeno, el propio y el pasar del tiempo.Disponible en #Amazon: https://t.co/vuqUN59ix4 #AlgoparaLeer https://t.co/DKA2j966gO",1.3113518727210066e+18
1,2020-09-30 17:08:00,Haidji,"Book Quote: ""I kissed the ground because..."" Click  on https://t.co/hKNCp1wM5H #gratitude #life  #quoteoftheday #quotes #kindleunlimited #bookquotes #read #ebook #ku  #paperback #amazon  #inspiration #haidji #goodreads #books #read #reading #Book https://t.co/xyVcARxJDg",1.3113521052743475e+18
2,2020-09-30 17:11:09,CoolDealCA,"💲💰
Aukey Car Air Vent Cell Phone ...
#New  price $4.50

# #Deals #new #Deals #Discounts #Amazon  #Deal #ganga

 https://t.co/EJimWYMbe1 https://t.co/dJKHbemct4",1.311352900233429e+18
3,2020-09-30 17:13:15,mmobox_at,"Das ist das Prime Gaming Update für Oktober

#Amazon #PrimeGaming #News #PC

https://t.co/87pusCyHfA https://t.co/32e1p2hfJU",1.311353425725141e+18
4,2020-09-30 17:10:02,ProductEvents,"Learn 𝗛𝗼𝘄 𝘁𝗼 𝗜𝗻𝗳𝗹𝘂𝗲𝗻𝗰𝗲 𝗬𝗼𝘂𝗿 𝗘𝗻𝗴𝗶𝗻𝗲𝗲𝗿𝗶𝗻𝗴 𝗧𝗲𝗮𝗺 👉 https://t.co/DjFi6xTOSL We're live tomorrow at 2pm with @Amazon PM 💯 
#ProductEvents #ProdMmgmt #amazon https://t.co/RrmOFH0joX",1.311352616446722e+18
5,2020-09-30 17:08:17,philcolli72,@BarackObama I don’t suppose you’ll be getting an #amazon shopping chip in the back of ur hand will u. #geoffbezos is now crossing the line from wealth to greed to abusing civil liberties. #amazon is a corporation with too much influence.,1.3113521761036124e+18
6,2020-09-30 17:07:47,LTCHutson,"On the phone with #Amazon, being bounced around while they figure out why they can't replace an order they delivered to the wrong house today. I asked them to contact the driver, have him or her go back and get it and deliver it to me.  They want to reorder it or credit me.",1.311352053373993e+18
7,2020-09-30 17:08:00,robertstanek,"TWENTY years later they are still at it! Speaking Out About Ugliness in the Publishing Industry...

https://t.co/AIaV7hKgFS

#bannedbooksweek #darngoodreads #freedomtoread #amwriting #amblogging
#amazon #goodreads #bnscifi #libraryresources https://t.co/2tVqSaoe5G",1.3113521051737375e+18
8,2020-09-30 17:12:02,rakten_kaden_,"10/01 02:12

パナソニック　Panasonic F-YC120H
【楽天】57895円
【Amazon】59500円

★楽天で購入すると★
 1605円 お得（お得率3％）

↓お得な情報を一覧で確認出来るサイト
https://t.co/kMQYxgL6Rh

#楽天市場 #Amazon #お得 #せどり https://t.co/A5JTaEURF3",1.3113531201532477e+18
9,2020-09-30 17:10:14,CoolDealCA,"GALAX PRO 12V Cordless Drill Driver with Work Light for $29.99!!

#freebies #deals #deal #moneysaver #greatdeal #steals #discount #sale #bargain #bargainhunter #bargainshopper #cheap #bestprice #Amazon  #Deals #giveaway #Deal #ganga

 https://t.co/4cJJIGaskd https://t.co/mJMRlIgIq6",1.3113526669629604e+18
10,2020-09-30 17:12:19,miumiuMH,"消費はモノからコトへ、そして【繋がり】へ #エクスマ と出会う事でたくさんのご縁に恵まれました。
たくさんの人に読んで欲しいです。

新版 安売りするな! 「価値」を売れ! 
https://t.co/uGset2QHUY #Amazon",1.3113531920813138e+18
11,2020-09-30 17:13:08,XperienceDope,"Blasting Young Thug - I'm Scared (feat. 21 Savage &amp; Doe Boy) right now on Pretty Dope Xperience Radio aka #BlackPandora

listen now and catch a wave!! https://t.co/VqKFopeoex  #nowplaying #np #RT  #NowStreaming #Streema Download Now #Alexa #GooglePlay #iOSAppStore #Amazon #",1.3113533996743844e+18
12,2020-09-30 17:12:47,SeonhoKim,"아마존의 아마존 원 공식발표. 

https://t.co/oZysBQST9L 

#amazon #amazonOne",1.3113533090982461e+18
13,2020-09-30 17:06:10,FreebiesHibs,"Wall charger free for reviews and comments. If interested DM me..😇✔️
Only for USA
#freeproductsglobal #usamazonreviewers #freeproducts #amazon #giveaway @ USA https://t.co/LTJKV85xMt",1.3113516454235136e+18
14,2020-09-30 17:11:04,RoMemoria,"Si de verdad amas la #Poesía; si, de verdad, buscas algo que te sorprenda y conmocione, entra en el universo #poético de Juan Sevillano y saborea sus #versos #Poeta #Poemas #Amazon #KindleUnlimited https://t.co/dZftc7OhgD https://t.co/dPQ5eIakxl https://t.co/S2hu8apsx7",1.3113528791107912e+18
15,2020-09-30 17:12:01,YuT1211yuyu,"初絡みですが拡散させていただきます
#26時30分 #シングルゲリラ #Amazon #いいね拡散 https://t.co/mlrokkCoxu",1.311353115489104e+18
16,2020-09-30 17:09:56,XperienceDope,"Blasting Redman ft StresMatic - Dopeman (Dirty) right now on Pretty Dope Xperience Radio aka #BlackPandora

listen now and catch a wave!! https://t.co/VqKFopeoex  #nowplaying #np #RT  #NowStreaming #Streema Download Now #Alexa #GooglePlay #iOSAppStore #Amazon #",1.3113525913648783e+18
17,2020-09-30 17:13:48,cadexperto,"#ReadAndFollow
Ellie Collins

Check her out on #Instagram!
https://t.co/5VgCVtvlgT

Visit her Website!
https://t.co/aqYUgvAFGF

Find her on #Amazon
https://t.co/OPu2jj6ajX

#middlegrade #mglit #kidlit #Greek #mythology #tween #kidsbook #nook #kindle #goodreads @FreshInkGroup https://t.co/SNamXOhpMa",1.3113535666117427e+18
18,2020-09-30 17:09:10,paulspicks2020,Oh what’s this been telling the family $wmt is the next $Amzn for months.  Congrats 🥳 to those who hold.  Next stop 🛑 $200. #Election2020 #PresidentialDebate #amazon  https://t.co/6qwzWUIYbM,1.3113524014845583e+18
19,2020-09-30 17:07:01,rakten_kaden_,"10/01 02:07

ポット 電気 電気ポット 3L IAHD-030-
【楽天】5680円
【Amazon】6180円

★楽天で購入すると★
 500円 お得（お得率9％）

↓お得な情報を一覧で確認出来るサイト
https://t.co/kMQYxgL6Rh

#楽天市場 #Amazon #お得 #せどり https://t.co/SMKnS776Yr",1.3113518601255526e+18
20,2020-09-30 17:06:34,XperienceDope,"Blasting Kid Ink, Reo Cragun - Ride Like A Pro (Club) right now on Pretty Dope Xperience Radio aka #BlackPandora

listen now and catch a wave!! https://t.co/VqKFopeoex  #nowplaying #np #RT  #NowStreaming #Streema Download Now #Alexa #GooglePlay #iOSAppStore #Amazon #",1.3113517439057592e+18
21,2020-09-30 17:09:56,VfGoaBCrLiInilf,"fireHD8より性能を求めるなるFire HD 8 Plus タブレット
 iPadより断然安いです！
#amazon #fireHD8Plus #iPad #タブレット

 https://t.co/pawZ4hK4tE",1.311352592128041e+18
22,2020-09-30 17:09:47,razielcoolesse1,Allegrace Women's Plus Size Floral Printing Cold Shoulder Tunic To... https://t.co/x02XqjvRAy #Amazon,1.3113525553440276e+18
23,2020-09-30 17:13:56,Lostman_NEX,"Amazonで時間指定したのに、ヤマト運輸が全然違う時間帯に配達して不在票を置いていき、電話で再配達頼んだのに来ないという…。どうなってんねん（●｀ε´●）
#Amazon
#クロネコヤマト
#不在票",1.3113535986058936e+18
24,2020-09-30 17:08:38,12MileGeo,"Shooting at #Amazon facility in #Jacksonville leaves at least one dead

https://t.co/1xEb3hDQW4",1.311352267296002e+18
25,2020-09-30 17:05:50,IdRatherRetire,"Moved to a new internet provider and have spent a few hours signing in various devices.
Huge thanks to the extremely patient customer service at Amazon Alexa and #Amazon prime they earned every penny today.
But now my Alexa knows I’m a member of Prime &amp; I’m streaming music!",1.311351559649923e+18
26,2020-09-30 17:08:39,W_Angels_Wings,"#Author Ellie Collins

Check her out on #Instagram!
https://t.co/nXEcChf0ex

Visit her Website!
https://t.co/W8sOOBzv51

Find her on #Amazon!
https://t.co/NRVH3KoPPN

#middlegrade #mglit #kidlit #Greek #mythology #tween #kidsbook #nook #kindle #goodreads #IAN1 @FreshInkGroup https://t.co/QlT7jsV5SV",1.3113522692044063e+18
27,2020-09-30 17:06:10,OfertacularRL,"‼️BAJADÓN‼️ 👁‍🗨 #Ofertacular #Amazon #chollo #oferta #ganga

⚫️ Aspiradora 800W cilíndrica Severin 

🛒: ➡️ https://t.co/bgfPkSAXU1 ⬅️ https://t.co/kiZw69mXb1",1.3113516431543828e+18
28,2020-09-30 17:10:13,CoolDealCA,"LG 24-Inch LED-lit Monitor, Black for $99.99!! (Retail: $129.99)

#freebies #deals #deal #moneysaver #greatdeal #steals #discount #sale #bargain #bargainhunter #bargainshopper #cheap #bestprice #Amazon  #Deals #giveaway #Deal #ganga

 https://t.co/yUQQST2aQc https://t.co/jKK4f2jxew",1.311352664102445e+18
29,2020-09-30 17:05:50,CoolDealCA,"💲💰
V-MODA Crossfade Wireless Over...
#New  price $99.99

# #Deals #new #Deals #Discounts #Amazon  #Deal #ganga

 https://t.co/QDOmWBVGWI https://t.co/B5fTKj8iia",1.3113515623385457e+18
30,2020-09-30 17:06:34,hispachollos,"🌀 Dolce Gusto Piccolo EDG201.S - Cafetera de cápsulas, 15 bares de presión, color plateado. #Amazon 🇪🇸

🔘 30€ menos!!!

💶 Precio oferta: 59€ 💥 (PVP normal: 89€)

💳 Enlace: https://t.co/YkjOHNxPuG

✨ 30 días gratis de Amazon Music Unl ...
https://t.co/KYwYywxKKn
#chollo",1.3113517446690652e+18
31,2020-09-30 17:05:48,kana_ogawa,"【SF映画】ベスト10
ザ・コア (字幕版)
https://t.co/16RiuGtabP #Amazon",1.3113515509843517e+18
32,2020-09-30 17:12:22,creativemm12,"👉https://t.co/1SoQCnAndA #amazon👈
💯👉Auto Follower👈💯
💯👉#自動相互フォロー👈💯

#followergenerator
#ABC #news
#Henrik #Lundqvist
#Bad #Bunny #Crocs
#FollowBack
#TeamFollowBack
#相互RT
#相互フォロー100
#followtrick
#固定RT
#TFW
#RT企画",1.3113532049033093e+18
33,2020-09-30 17:06:00,Tarrako1162,"🔥CHOLLO! #Amazon | #Belleza 

📢Rochas Madame Eau de toilette - 100 ml

#PRIME

   ❌ Antes: 91,00€
   🔥 PRECIO OFERTA: 35,98€🔥 -60%⚡️
   🔰 Enlace: https://t.co/6M7bwhFzLN https://t.co/gmc9jtA13i",1.3113516017144873e+18
34,2020-09-30 17:12:07,novelsbylia,"Treat yourself....

""Convincing her that she belongs to him will be his toughest challenge, but he’s not above using seduction to get what he wants.""
https://t.co/vPS8l3h9Xm

#newbook #shifter #wolf #secondchance #sassy #ebook #reader #Amazon https://t.co/B1AUtw3wUi",1.311353141313626e+18
35,2020-09-30 17:10:04,SolTaylorRdL,"Novedad 💯

Un amor de locos… y una vida de locos. 

Enlace: https://t.co/mlGMVrNxiz

#kindle #KindleUnlimited #Amazon #ebook #romantica #comedia #humor #romance #leer #novela https://t.co/InVB1OUxjH",1.3113526247179264e+18
36,2020-09-30 17:13:52,auroraroseR,"Today is the last day to grab these for $1.99 each.
https://t.co/SqVItOQFor
#book #booksale #romancenovels #bookstagram #RomanceReaders #booklovers #Amazon #fallinlove #bookboyfriends #ContemporaryRomance #sale #booksforsale #romancebooksale https://t.co/vBg4SST9Ag",1.311353583779152e+18
37,2020-09-30 17:11:03,TheInStockRoom,"***New Deal***
Aukey Car Air Vent Cell Phone ...
New price $4.50
https://t.co/je80DULTfM
#Deals #newDeals #Discounts #Amazon https://t.co/kmHoTIuJJs",1.3113528750466376e+18
38,2020-09-30 17:08:15,razielcoolesse1,CUPSHE Women's Ladies Vintage Lace Bikini Sets Beach Swimwear Bath... https://t.co/XzJOIeydtg #Amazon,1.3113521697744364e+18
39,2020-09-30 17:10:50,byLilyV,"Get #IT #CERTIFIED 
One lesson, four #AWS certificates!
Enrol https://t.co/MTTCw6V3Vu
#cloudcomputing #amazon #cloud #certification https://t.co/UXvZMp2MbJ",1.311352818805203e+18
40,2020-09-30 17:07:02,MrTimZak,"My #NEW #eBook ""The Shark Afraid of the Dark"" #rhyming #kidsbook #childrensbooks #Amazon https://t.co/UmltsAbgQd",1.3113518639047885e+18
41,2020-09-30 17:12:55,esohavuelto,"Precio mínimo histórico en Amazon!! Libro pop-up de ""El Maravilloso Mago de Oz"" por 13,28€ ❤️  https://t.co/b3YUpUofaR
-Código descuento Amazon ✂️  https://t.co/SwUmSB7RUD 
.
.
.
#Amazon #ElMaravillosoMagoDeOz #libropopup #librosparaniños #librosenamazon #ElMagoDeOz https://t.co/9dqJIk6hrx",1.311353344305369e+18
42,2020-09-30 17:11:58,razielcoolesse1,"Burt's Bees Baby Unisex Baby Bodysuits, 5-Pack Short &amp; Long Sleeve... https://t.co/pWH9k23kky #Amazon",1.3113531055151882e+18
43,2020-09-30 17:06:41,2BRUKREW,"The world is collapsing, society is imploding &amp; the end of days is near, for Deceiver Werewolves are trying to conquer mankind in an Apocalyptic Armageddon! Read the “Deceivers” books only .99 cents on #Amazon! 
https://t.co/mtyqbN3PmI
https://t.co/dQcijhT0Q7
#WednesdayMotivation https://t.co/HidSwiJueo",1.3113517745575322e+18
44,2020-09-30 17:11:21,Joydeep13327808,#Amazon #disasterpolicy #money Refund money returned to Amazon pay balance even after opted for bank account..why???? Every penny matters now a day.. think twice.,1.3113529487739044e+18
45,2020-09-30 17:12:08,ESSENTIALDEALZ,"Want to start an Amazon business?
#AmazonGoesGold #amazon #business #Amazonbusiness #starthere

Click here: https://t.co/qjlKl3VbkF",1.3113531474834678e+18
46,2020-09-30 17:06:43,razielcoolesse1,VintageClothing Women's Floral Maxi Dresses Boho Button Up Split B... https://t.co/IBxmiMpZVy #Amazon,1.3113517847539876e+18
47,2020-09-30 17:10:43,EaTheRichhhhhhh,"Jeff Bezos just made $4,475,885 #Amazon #Bezos #Eattherich",1.3113527878260736e+18
48,2020-09-30 17:11:42,Couponpalacesg,"Biggest Sale of the Year is Here!

Amazon Prime Day 2020 is announced. Shop Now and Save Up to 80% on all Top Brands.

#amazon #amazonprimeday #primeday2020 #singaporeprimeday2020 #amazonsingapore #singaporeonlineshopping #biggestsale2020 https://t.co/Oso7ajd0gJ",1.3113530364936602e+18
49,2020-09-30 17:09:12,chollodescuento,"CHOLLOS y DESCUENTOS ⁣FLASH Aparato de Pedicura Recargable con 3 Rodillos - Elimina Piel Seca y Endurecida, por 17,33€ #Amazon Enlace: https://t.co/5UItzggGuE Código: No necesita Visto: https://t.co/tssN0NBD8Q https://t.co/R3aK8OMKFx https://t.co/9wzYOmKgmq ChollosyDescuentos…",1.3113524087490806e+18
,date,screen_name,tweet,tweet_id
0,2020-09-30 17:02:25,razielcoolesse1,Luxury Lane Hand Blown Abstract Teardrop Art Glass Vase with Angle... https://t.co/4rHe8oOi0N #Amazon,1.3113507023552184e+18
1,2020-09-30 17:05:02,CouponTerri,"GO! GO! GO! #iphone Charger Cable 5 Pack 60% Off Only $7.99, Reg $19.99 at #Amazon!...... https://t.co/CMVL0cwsYi",1.3113513606764012e+18
2,2020-09-30 17:03:09,_GayRomReviews,"Dan's Hauntastic Haunts Investigates: Ivarsson School (Book 3) by Alex Silver
📕 https://t.co/OLDuz5qB08
Also in KU!

📚 Catch up  here: https://t.co/pued9KBCU2
 
#GayRomanceReviews #GRR #contemporary #paranormal #PNR #gayromance #newrelease #Goodreads #Amazon #kindleunlimited https://t.co/o5X9fa8jeB",1.311350883838505e+18
3,2020-09-30 17:05:32,kana_ogawa,"【SF映画】ベスト10
追憶
https://t.co/brTJzYt9q6 #Amazon",1.3113514850205286e+18
4,2020-09-30 17:01:49,Lapequenaasia,"Xiaomi Mi Smart Scale 2 Blanco
Precio: 1️⃣9️⃣,4️⃣7️⃣€
#Amazon

👉https://t.co/5GYRNLU1C5 https://t.co/YBm04em1EO",1.3113505481767404e+18
5,2020-09-30 17:01:56,domadomad,【DS】デビルサバイバー2 【特典】 伊藤賢治 by アトラス https://t.co/d5LOQ2E　 #amazon,1.3113505803217633e+18
6,2020-09-30 17:03:09,amzn_deals_us,https://t.co/dYaWwlvpyf APTESOL Kids Youth LED Light Up Sneakers Unisex Boys Girls High Tops Cool Flashing Shoes for Toddler Littler Kid Big Kid #Amazon #Deal #APTESOL #APTESOL4032 https://t.co/s2BEPd0jAD,1.3113508846858035e+18
7,2020-09-30 17:01:01,ChollosDescubre,"‍SUPER OFERTA ❗️🔸 #Amazon | #Hogar
📣Curver Chic Cubo de Basura, Plata, 50L

⛔️ PVP: 35,95€ 
 ✅PRECIO OFERTA: 26,99€ 

   ⤵️ Link de compra
   🌐 https://t.co/6cv36TPJm0

Visto en https://t.co/HW2VwUc9d2 https://t.co/gBIZiZpTal",1.3113503496562074e+18
8,2020-09-30 17:01:54,trevorwbarnes,Andrew: thanks so much for your super kind comments! So pleased you enjoyed it. Most grateful if you could post a review on #amazon and pass the word so #deaddoubles might be in a few #christmas stockings! Best T https://t.co/0szlQJVBpv,1.3113505723317944e+18
9,2020-09-30 17:05:41,creativemm12,"&lt;Current Weather&gt;
Chicago
Temperature: 63.63°F/ Status: clouds
👉https://t.co/wKH3bQRz4A #amazon👈
💯👉Auto Follower👈💯
💯👉#自動相互フォロー👈💯

#TFW
#Disney
#Henrik #Lundqvist
#Yankees
#固定RT
#followermachine
#FollowBack
#autofollower
#foll",1.3113515242582671e+18
10,2020-09-30 17:01:24,MenudoPaquete,"🌟 [𝗠𝗲𝗻𝘂𝗱𝗼 𝗣𝗮𝗾𝘂𝗲𝘁𝗲] 🌟

🔊 AWESAFE GPS para Coches con 7 Pulgadas Pantalla LCD con Bluetooth y Cámara Trasera, Navegador G #amazon

🌍 Enlace: https://t.co/0vBK9VEP4z

Te esperamos en telegram: https://t.co/IbEojfZpa4 https://t.co/uScXDPVlbV",1.3113504472031273e+18
11,2020-09-30 17:05:06,kana_ogawa,"【SF映画】ベスト10
ネイサンの葬儀
https://t.co/xLAGnALd3F #Amazon",1.3113513752849818e+18
12,2020-09-30 17:01:12,CholloLinkES,"‍SUPER OFERTA ❗️🔸 #Amazon | #Hogar
📣Curver Chic Cubo de Basura, Plata, 50L

⛔️ PVP: 35,95€ 
 ✅PRECIO OFERTA: 26,99€ 

   ⤵️ Link de compra
   🌐 https://t.co/ZUXLHuNh2L

Visto en https://t.co/JpQzg3pNYP https://t.co/VmPAJrhhxo",1.3113503966240113e+18
13,2020-09-30 17:02:32,LisaCon14230450,"Open Houses this Weekend! 🏡

It's a great time to tour available homes in the area.

If you see something you like, give me a call 😉

https://t.co/Rq7spaiBvq

#Dallastx #carrolltontx #planotx #friscotx ⁠
 #dallascowboys #Carrollton ⁠ #Toyota #Amazon https://t.co/xAaeIYkKD3",1.3113507286409216e+18
14,2020-09-30 17:05:37,S_Catsgotmyback,@BeachPretzel2 Ffs. #amazon is garbage for so many reasons. Here’s one more.,1.3113515075861012e+18
15,2020-09-30 17:05:41,razielcoolesse1,Ray-Ban Rb3016 Clubmaster Square Sunglasses https://t.co/5zrXUz1e8d #Amazon,1.3113515218340782e+18
16,2020-09-30 17:05:44,TheInStockRoom,"***New Deal***
V-MODA Crossfade Wireless Over...
New price $99.99
https://t.co/cjIKNSt8Vc
#Deals #newDeals #Discounts #Amazon https://t.co/Lnr3MeZqMH",1.311351537445286e+18
17,2020-09-30 17:03:51,FC_highmountain,"【値段やっすぅ∑(ﾟДﾟ)】EA SUPER HITS FIFA 13 ワールドクラス サッカー
エレクトロニック・アーツ https://t.co/GgC000MRvU #サッカー #FIFA #GAME #PS3 #Amazon https://t.co/VzXXB3ivJe",1.311351063031591e+18
18,2020-09-30 17:02:12,Marie_N_Vianco,"Una elección de caminos, Samuel se debatirá entre el corazón de Alba y Sara... 
#LosDestellosDeSara #KindleUnlimited #Lee #romancebooks   
Capítulos #gratis --&gt; ht https://t.co/dPTioUyB6x 
#Amazon --&gt;  https://t.co/V639XpDyFE https://t.co/HrWYGIQy6Z",1.311350648424878e+18
19,2020-09-30 17:05:02,AuthorBookBoost,"We publish a variety of interesting #books listed on #amazon: #Architecture #Art #Biographies #Cooking #Health #Mathematics #Music #Nature #Politics #Religion and a variety of class-room tested books for #children.
Visit ➡️ https://t.co/y9JAG2Sm3I
#readers @WParksPublisher",1.3113513609741885e+18
20,2020-09-30 17:05:14,CoolDealCA,"Take care of that beard!!

4 Pack Beard Oil Set for $13.99!! (Retail: $25.99)

#freebies #deals #deal #moneysaver #greatdeal #steals #discount #sale #bargain #bargainhunter #bargainshopper #cheap #bestprice #Amazon  #Deals #giveaway #Deal #ganga

 https://t.co/i8kmOWLRFj https://t.co/zaH8DrQ4Rt",1.311351411083481e+18
21,2020-09-30 17:03:35,asimoooo,"LinkJapan スマートリモコン eRemote5 （第五世代）スマートホーム統合アプリHomeLink対応. Alexa,Goog... https://t.co/LlHbWnZAJU #Amazon",1.3113509955201188e+18
22,2020-09-30 17:05:00,Haidji,"Book Quote: ""It is not that each one of us has the..."" Click on  https://t.co/PwWYpPEQmz #quoteoftheday #quotes #kindleunlimited #bookquotes #read #ebook #ku  #paperback #amazon  #inspiration #haidji #goodreads #books #read #reading #BookBoost #book https://t.co/owk2ZrNGfY",1.3113513504714793e+18
23,2020-09-30 17:05:16,CoolDealCA,"Hanes Men's 5-Pack Sports-Inspired Cool Dri Boxer Brief for $11.95!!

#freebies #deals #deal #moneysaver #greatdeal #steals #discount #sale #bargain #bargainhunter #cheap #bestprice #Amazon  #Deals #giveaway #Deal #ganga

 https://t.co/egWF56LiV9 https://t.co/ZyPsXP8ki9",1.311351417073021e+18
24,2020-09-30 17:05:04,CandidBReview,"#readandreview here:
https://t.co/NinejlDsLL

Available at #Amazon
https://t.co/Lcqfeasrad
#ad

#love2read #bookreview #lovebooks #readmore #bookworms #lovetoread #bookaday  #Feedyourreader #bookaday #read #livetoread #bookshelf #Kindle #bookaddict #booksofinstagram #love https://t.co/N7FcTotqxd",1.311351368574292e+18
25,2020-09-30 17:05:33,KeChollos,"Victure AC940 Cámara Deportiva 4K/60FPS 20MP Wi-Fi 
#Amazon #ofertas #chollo #chollos #Imagen #Cámara #4K #Victure

💵Precio: 99.99€ (28%)
🚚Envío: GRATIS
https://t.co/9YPKlOOJn8",1.3113514907836457e+18
26,2020-09-30 17:01:10,vpaigebooks,"“I can’t recommend this book enough. It has the perfect balance of action, adventure, angst, &amp; sexual chemistry. Bravo Victoria Paige.” ~ 5 Stars ~ Kelley, Smut Book Junkie
#Amazon #KU ➜ https://t.co/g3FEvgCAmP
🔁 #KindleUnlimited #amazonreads #amazonbooks #thrillerbooks https://t.co/meU5SpehDu",1.3113503869687276e+18
27,2020-09-30 17:02:01,rakten_kaden_,"10/01 02:02

ソニッケアー 電動歯ブラシ ガムヘルス+エアーフロ
【楽天】7980円
【Amazon】8980円

★楽天で購入すると★
 1000円 お得（お得率13％）

↓お得な情報を一覧で確認出来るサイト
https://t.co/kMQYxgL6Rh

#楽天市場 #Amazon #お得 #せどり https://t.co/SHuSIAS1ZL",1.3113505989780316e+18
28,2020-09-30 17:04:44,razielcoolesse1,"WOLVERINE Men's Loader 6"" Soft Toe Wedge Work Boot https://t.co/Mrkr1ZQqso #Amazon",1.3113512843316756e+18
29,2020-09-30 17:05:16,kana_ogawa,"【SF映画】ベスト10
ignition
https://t.co/EweK8fiSWD #Amazon",1.311351419203498e+18
30,2020-09-30 17:05:27,kana_ogawa,"【SF映画】ベスト10
ピッチブラック (字幕版)
https://t.co/1mkMnsJd4c #Amazon",1.311351463008858e+18
31,2020-09-03 18:26:48,LenovoLegion,"Lenovo Legion x @PlayApex
Now is your chance to rise above the rest. 
Unmatched performance, purposeful engineering, modern design.
Gear up with a machine as savage as you are.
Stylish outside.
Savage inside.",1.301587465258578e+18
32,2020-09-30 17:03:24,UrbandropO,"New Music Out Now! 
 #iheartradio #musicproducer #songwriter #art #like #pop #tiktok #repost #rock #instamusic #unsignedartist #rapmusic #instagood #song #amazon indie #viral #rappers #musicvideo #podcasting #m #explore #s #indiemusic #independentartist
 https://t.co/qiQQFwVJZX",1.3113509487327764e+18
33,2020-09-30 17:05:37,kana_ogawa,"【SF映画】ベスト10
トランス・ワールド
https://t.co/70YpBSIQsj #Amazon",1.3113515071790612e+18
34,2020-09-30 17:05:39,HomesByRoxanne,"#Amazon to expand tech hubs in #Vancouver, #Toronto https://t.co/83xVSfKn1T",1.311351513613308e+18
35,2020-09-30 17:03:17,INTsushinsha,"収益とは人を「喜ばした」結果として受け取るものだ。同じ収益でも、そこに「喜ばし」、つまり、お客への愛があるかで、受け取れる喜びは驚くほど違ってくる。
『小さな泡が世界の生活を変える』
https://t.co/9Bfw334DPw #Kindle #amazon #電子ブック",1.3113509178206044e+18
36,2020-09-30 17:02:37,XperienceDope,"Blasting B.G, T.I - For A Minute (Club) right now on Pretty Dope Xperience Radio aka #BlackPandora

listen now and catch a wave!! https://t.co/VqKFopeoex  #nowplaying #np #RT  #NowStreaming #Streema Download Now #Alexa #GooglePlay #iOSAppStore #Amazon #",1.3113507496124375e+18
37,2020-09-30 17:02:44,NuancedMedia,"Check out our #Amazon Seller Training and FBA Course. The “secret” of Amazon is having the right tools and best practices to build your #business. 👩‍🏫 We'll teach you how to save time, save money, and then make money on Amazon. https://t.co/jjWWbEJ2Z1 https://t.co/7uftzIm08I",1.3113507818078577e+18
38,2020-09-30 17:03:32,razielcoolesse1,"19"" Hand Blown Art Glass Table Platter Plate Blue White Clear Wall... https://t.co/geL0emMuqm #Amazon",1.311350983927173e+18
39,2020-09-30 17:05:21,kana_ogawa,"【SF映画】ベスト10
インタープラネット（字幕版）
https://t.co/J2AiGUXiMb #Amazon",1.3113514411020493e+18
40,2020-09-30 17:04:49,Chacana26,If you have amazon wishlist dm me. I can buy whatever you want. #buyingcontent #sellingcontent #feetpic #secretseller #snapsessions #Amazon,1.3113513052612526e+18
41,2020-09-30 17:01:07,MaxiChollo,"‍SUPER OFERTA ❗️🔸 #Amazon | #Hogar
📣Curver Chic Cubo de Basura, Plata, 50L

⛔️ PVP: 35,95€ 
 ✅PRECIO OFERTA: 26,99€ 

   ⤵️ Link de compra
   🌐 https://t.co/GXVcZtQoB2

Visto en https://t.co/HGTfnxg2wd https://t.co/1cutiFfjyT",1.311350373832106e+18
42,2020-09-30 17:05:42,kana_ogawa,"【SF映画】ベスト10
エリジウム (吹替版)
https://t.co/QgQKSqxV9l #Amazon",1.311351529098457e+18
43,2020-09-30 17:01:04,luna_selas,"Lindsey, a young woman, narrates the true story of her childhood growing up in a physically and sexually abusive home. @ALNortonauthor
https://t.co/1ESfcqJloA
#WolfPackAuthors #childabusesurvivor #amazon https://t.co/HJiXD1HkSD",1.3113503610059858e+18
44,2020-09-30 17:05:11,kana_ogawa,"【SF映画】ベスト10
ザ・タンク（字幕版）
https://t.co/ocXfe0zw9H #Amazon",1.3113513972966932e+18
45,2020-09-30 17:02:12,A_G_Numen,@amazon @kindle @amazonbooks #amazon #kindle #emergente #autore #autoreemergente #book #books #ilmioprimolibro #marlenaeldritch #cercandomarlenaeldritch #agnumen #writer #selfpublishing #turin,1.3113506484458414e+18
46,2020-09-30 17:01:22,OnlyGearBest,"🌟 [𝗢𝗻𝗹𝘆 𝗚𝗲𝗮𝗿𝗯𝗲𝘀𝘁] 🌟

🔊 AWESAFE GPS para Coches con 7 Pulgadas Pantalla LCD con Bluetooth y Cámara Trasera, Navegador G #amazon

🌍 Enlace: https://t.co/5xvqddpPq7

Te esperamos en telegram: https://t.co/mPaN5u2fFj https://t.co/hjiU9K1lcH",1.3113504375478313e+18
47,2020-09-30 17:01:23,reinadellowcost,"🌟 [𝗟𝗮 𝗿𝗲𝗶𝗻𝗮 𝗱𝗲𝗹 𝗟𝗼𝘄𝗰𝗼𝘀𝘁] 🌟

🔊 AWESAFE GPS para Coches con 7 Pulgadas Pantalla LCD con Bluetooth y Cámara Trasera, Navegador G #amazon

🌍 Enlace: https://t.co/jEwoS2irKe

Te esperamos en telegram: https://t.co/Jxndx9pJCJ https://t.co/D84ESy54p4",1.311350442471891e+18
48,2020-09-30 17:05:00,kana_ogawa,"【SF映画】ベスト10
ザ・オラクル（字幕版）
https://t.co/VFyKSXFMJ9 #Amazon",1.3113513530089923e+18
49,2020-09-30 17:01:34,RedOzdachs,Malls aren't just for retail stores anymore... Sears leaves and a high school moves in! #realestate #malls #Amazon #JCPenney #sears https://t.co/dmt5xvXMVy,1.3113504890790748e+18
,date,screen_name,tweet,tweet_id
0,2020-09-30 16:59:56,WFTV,#Amazon Prime Day 2020: What you need to know https://t.co/KWvdYNtag5 #wftv https://t.co/Rzt3o4JDoV,1.311350075583533e+18
1,2020-09-30 17:00:01,DweekSherif,"""Speak softly and carry a big stick; you will go far"". 
- Theodore Roosevelt

#leadership #Motivation #Inspiration #Change #America #TipsandTricks #Management #Corporate #Management #SherifDweek #CorporateCulture #Amazon #AmazonBooks #Author",1.3113500977167565e+18
2,2020-09-30 17:00:01,AlphaRepricer,"Alpha Repricer will increase your Amazon sales.
https://t.co/DWHYDAuVAy
#Amazon #AmazonRepricer #AlphaRepricer #Sellers #OnlineSellers #FBA #AmazonBusiness #amazonmarketplace #fbasellers #USA #Iowa #California #NewJersey #Vermont #NewYork #Utah #Washington #Alaska #Georgia #Texas https://t.co/nTnGNppNvk",1.3113500952420803e+18
3,2020-09-30 17:00:27,yuki_nagase,"【ロックDVD】ベスト10
ONE OK ROCK 2018 AMBITIONS JAPAN DOME TOUR　DVD
https://t.co/bW9nOFMD5H #Amazon",1.311350205380399e+18
4,2020-09-30 17:00:18,buybooks_amazon,#BestBooks #Amazon #Novel : THE LONGEST NIGHT: A NOVEL --&gt; https://t.co/Mq6VrlzKDM,1.3113501664530227e+18
5,2020-09-30 16:58:09,2BRUKREW,"The Deceivers #books combine action-packed modern battles against werewolves with supernatural sorcery &amp; occult mysticism. Check 'em out for only .99 cents each on #Amazon #Kindle: https://t.co/mtyqbN3PmI or https://t.co/B5iznykCQC
#WeDoMoreWednesdays https://t.co/Fm9e8MmBCh",1.3113496274807644e+18
6,2020-09-30 17:00:25,shinchaku,【発売日：2020/09/15】わたしの幸せな結婚 四 (富士見L文庫)  https://t.co/HGXA60KVyf #amazon,1.311350195821699e+18
7,2020-09-30 17:00:28,shinchaku,【発売日：2020/08/20】ゴーマニズム宣言SPECIAL コロナ論 (ＳＰＡ！コミックス)  https://t.co/X36gN52A54 #amazon,1.3113502088240701e+18
8,2020-09-30 17:00:02,BaratoDeVerdad,"💻 CAMBIA tu viejo ordenador por este VELOZ portátil:

⏺️ Pantalla de 15,6"" #FullHD
⏺️ #Ryzen 7 de 3ª generación
⏺️ 8GB de DDR4
⏺️ 512GB de #SSD
⏺️ #Windows10

🌐 De #Acer

¡A SÓLO 599,99 💶!

📦 Envío #gratis en #Amazon

A POR ÉL ▶️ https://t.co/ggF0QXqWRF

#Tecnología https://t.co/Lay7Gif2n9",1.3113501004137472e+18
9,2020-09-30 17:00:28,WS_Klass,#follow #BN #read #amazon #wrath #wsklass #klassproductions #author #nickzane #audiobook @audible https://t.co/0qLo7OwlpE,1.3113502105100616e+18
10,2020-09-30 17:00:06,philipbodkin,"Looking for great #Amazon influencers to spread the word about your products and brands? Check out this post for a list of 23 top influencers in varied niches via @influencermh

https://t.co/FRlTuZYTFY
#InfluencerMarketing",1.3113501175476183e+18
11,2020-09-30 16:59:30,XperienceDope,"Blasting Pop Smoke, A Boogie Wit Da Hoodie - Hello (Club) right now on Pretty Dope Xperience Radio aka #BlackPandora

listen now and catch a wave!! https://t.co/VqKFopeoex  #nowplaying #np #RT  #NowStreaming #Streema Download Now #Alexa #GooglePlay #iOSAppStore #Amazon #",1.3113499666239775e+18
12,2020-09-30 17:00:22,shinchaku,【発売日：2020/08/04】チェンソーマン 8 (ジャンプコミックス)  https://t.co/QVtf6GDx4s #amazon,1.311350186099331e+18
13,2020-09-30 17:00:16,yuki_nagase,"【ロックDVD】ベスト10
ONE OK ROCK “EYE OF THE STORM"" JAPAN TOUR(Blu-ray)
https://t.co/gLatc2GjXT #Amazon",1.3113501614492099e+18
14,2020-09-30 17:00:21,shinchaku,【発売日：2020/09/09】進撃の巨人(32) (講談社コミックス)  https://t.co/MEkHAlqJox #amazon,1.3113501813471642e+18
15,2020-09-30 17:00:37,yuki_nagase,"【ロックDVD】ベスト10
LIVE DVD『ONE OK ROCK 2016 SPECIAL LIVE IN NAGISAEN』
https://t.co/Eobzy94ht1 #Amazon",1.3113502492989522e+18
16,2020-09-30 17:00:12,SandraNikolai,"*** The voice is spot on for the story! ***
FALSE IMPRESSIONS
#Amazon #US :  https://t.co/fD760qxyln 
#audiobook #mystery
#ListenToThis",1.3113501440261857e+18
17,2020-09-30 17:00:23,shinchaku,【発売日：2020/09/11】ホワイトハットレポート 上巻  https://t.co/0NDecsBwWh #amazon,1.3113501875379487e+18
18,2020-09-30 17:00:04,YabRock,中山 康直 の 「もうやめよう嘘と隠しごと 健康大麻という考え方」 を #AmazonJP でチェック！ https://t.co/InlRsfhK4L #アマゾン #Amazon #麻 #大麻 #医療大麻 #マリファナ #カンナビス #ヘンプ #大麻解禁 #大麻合法化,1.3113501093853635e+18
19,2020-09-30 16:58:39,creativemm12,"#SIMARI の SIMARI トレーニンググローブ 筋トレグローブ スポーツグローブ リストフラップ 手首固定付きトレッキング サイクリング グローブ メンズ レディース ユニセックス ジュニア 適用 (S, 903-ブラウン)
https://t.co/n81wbwbUEX
#1000ADay
#미국구매대행
#amazon
#Hugh #Jackman
#A",1.3113497514266378e+18
20,2020-09-30 17:00:28,shinchaku,【発売日：2020/09/18】コミック百合姫 2020年11月号[雑誌]  https://t.co/qA69BzS8hh #amazon,1.3113502122172457e+18
21,2020-09-30 17:00:24,shinchaku,【発売日：2020/08/06】脱マウス最速仕事術――年間１２０時間の時短を実現した５０のテクニック  https://t.co/eYPzDCbHs0 #amazon,1.3113501933848166e+18
22,2020-09-30 17:01:00,DS_Watch,The Blue Team Field Manual (BTFM): a valuable technical reference for cyber defenders: https://t.co/LTcLRbIpWW | #amazon #book,1.3113503440692838e+18
23,2020-09-30 17:00:06,yuki_nagase,"【ロックDVD】ベスト10
ONE OK ROCK “EYE OF THE STORM"" JAPAN TOUR(DVD)
https://t.co/D2UdvyT8xq #Amazon",1.3113501176229233e+18
24,2020-09-30 17:00:43,OmnitracsHQ,Coming soon to a neighborhood near you? #Amazon is deploying a new tool to deliver faster than ever. @Freightwaves has the details: https://t.co/grPzorxU32 #lastmile #logistics,1.311350272434864e+18
25,2020-09-30 17:00:27,shinchaku,【発売日：2020/09/17】ダイヤのA act2(23) (講談社コミックス)  https://t.co/UMlI4FPtao #amazon,1.3113502075028398e+18
26,2020-09-30 17:00:01,yuki_nagase,"【ロックDVD】ベスト10
【メーカー特典あり】ONE OK ROCK “EYE OF THE STORM"" JAPAN TOUR(DVD)※ジャケット絵柄A4クリアファイル付き
https://t.co/2lZrzM4XeS #Amazon",1.3113500955524997e+18
27,2020-09-30 17:00:17,dealnarwhal,Speed Stick Antiperspirant/Deodorant $1.84 https://t.co/o4KVC9LqPW at #Amazon https://t.co/DyOuPlLrcF,1.311350162682454e+18
28,2020-09-30 17:00:27,shinchaku,【発売日：2020/08/20】解雇された暗黒兵士（３０代）のスローなセカンドライフ（２） (ヤングマガジンコミックス)  https://t.co/JA38XFZBRJ #amazon,1.3113502043109908e+18
29,2020-09-30 17:00:31,VrsatileTech,"🛑🛑 New Video is Live!!
Amazon CLT9 Fulfillment Center Grand Opening!! #Amazon
https://t.co/YjD6eGw67f https://t.co/ujZQaJOAuY",1.3113502234453975e+18
30,2020-09-30 17:00:53,masvendidos,"New post in DESCUENTAZOS #Amazon [CANAL]: DESCUENTO #Amazon 
Sony MDR-RF895RK Auriculares I...ía, Modo Voz), Color Negro, 30 ha bajado un 32.61% (27,39€) de 83,99€ a 56,60€
https://t.co/WLQX6xi1sZ

#amazon #ofertas #descuentos #chollos https://t.co/qsDqTSOTkv",1.3113503135054356e+18
31,2020-09-30 17:00:28,shinchaku,【発売日：2020/08/04】いくつになっても、「ずっとやりたかったこと」をやりなさい。  https://t.co/Tw1mAJClle #amazon,1.3113502105604383e+18
32,2020-09-30 17:00:32,yuki_nagase,"【ロックDVD】ベスト10
ミス・シャーロック/Miss Sherlock [DVD]
https://t.co/RwTdbWsGed #Amazon",1.3113502272495043e+18
33,2020-09-30 17:00:22,yuki_nagase,"【ロックDVD】ベスト10
ONE OK ROCK with Orchestra Japan Tour 2018 DVD
https://t.co/Fs8dfb7dnU #Amazon",1.3113501834525778e+18
34,2020-09-30 17:00:00,AH0RRAC0M0NUNCA,"💻 CAMBIA tu viejo ordenador por este VELOZ portátil:

⏺️ Pantalla de 15,6"" #FullHD
⏺️ #Ryzen 7 de 3ª generación
⏺️ 8GB de DDR4
⏺️ 512GB de #SSD
⏺️ #Windows10

🌐 De #Acer

¡A SÓLO 599,99 💶!

📦 Envío #gratis en #Amazon

A POR ÉL ▶️ https://t.co/6ZXxtNzQL5

#Tecnología https://t.co/R1vx2AhrlF",1.3113500923733893e+18
35,2020-09-30 16:58:28,RGRADIO2,"#SEPTIEMBRE30 #Tecnologia #Amazon presentó sistema para pagar con la palma de la mano

https://t.co/nWxgDeJdUH https://t.co/YaP0SVdNNP",1.3113497078730588e+18
36,2020-09-30 17:00:20,consejosparaVD,"ENTRA GRATIS A LA PRIMERA CLASE AQUI=== https://t.co/7B9NyA6Ha4 AL ENTRAR, PINCHAR DONDE DICE: ""VISTA PREVIA DE ESTE CURSO"". ALLÍ PODRÁS VER LA PROMO Y DISFRUTAR DE LA PRIMERA CLASE GRATIS . ENTRA AQUÍ ==)) https://t.co/bIDo55GA7i #Libros #amazon #ebook #novela #escritor #kdp https://t.co/jKJMW5Jyjy",1.3113501770982728e+18
37,2020-09-30 17:00:15,Bluemaster1981,"Last Chance! Would you like to win a $50 Amazon Gift Card or PayPal Deposit? Check out this easy entry Gleam giveaway for a chance to #WIN

Open Worldwide

@GooseGiveaways #wingiftcard #wincash #amazon #paypal #winmoney #sweepstakes #giveaways https://t.co/320jy0KMrg",1.3113501564035768e+18
38,2020-09-30 16:58:00,Haidji,"Book Quote:""Life is just a class filled full with...."" Click on  https://t.co/cgpIWdIPer #quoteoftheday #quotes #kindleunlimited #bookquotes #read #ebook #ku  #paperback #amazon  #inspiration #haidji #goodreads #books #read #reading #BookBoost #BookWorm https://t.co/C0uTsOkORA",1.3113495884149678e+18
39,2020-09-30 17:00:26,shinchaku,【発売日：2020/08/04】呪術廻戦 12 (ジャンプコミックスDIGITAL)  https://t.co/QMancodLqi #amazon,1.3113502025913262e+18
40,2020-09-30 17:00:48,yuki_nagase,"【ロックDVD】ベスト10
LIVE DVD「ONE OK ROCK 2017 “Ambitions"" JAPAN TOUR」
https://t.co/imPOpoxeiJ #Amazon",1.311350293267841e+18
41,2020-09-30 17:00:27,shinchaku,【発売日：2020/09/04】ドM女子とがっかり女王様　（１） (角川コミックス・エース)  https://t.co/4Uc2FsOQ4g #amazon,1.311350206156374e+18
42,2020-09-30 17:00:11,yuki_nagase,"【ロックDVD】ベスト10
【メーカー特典あり】ONE OK ROCK “EYE OF THE STORM"" JAPAN TOUR(Blu-ray)※ジャケット絵柄A4クリアファイル付き
https://t.co/AUp5ymSQ9p #Amazon",1.311350139622097e+18
43,2020-09-30 17:00:01,shadowconn,"""BIG BOOK OF REJECTIONS #Kindle Edition

Have you ever wondered if that rejection letter you got from an agent or publisher contained any real, valuable advice or insight?

 #writing #amwriting #reference #amazon

@Amazon.. https://t.co/IsrQXDnPCu https://t.co/PPOwC0V8r6",1.3113500973058908e+18
44,2020-09-30 17:00:47,StationMono,"気をつけて！！アマゾンを語った詐欺に注意！！ https://t.co/orhdbn4uBh 

ブログ更新しました。
最近メールで本家サイトに似せてきてるものが多いように感じます。
今回はAmazonのログイン画面の模倣リンクでした。

みなさんもお気をつけください！
#注意 #Amazon #詐欺 #気をつけて",1.311350289421615e+18
45,2020-09-30 17:00:01,mirenepalacios,¿Quieres #leer una #novela cuyo móvil es la superación? #EscaleraDeDamas #novelaromántica #MirenEPalacios https://t.co/PiW3VNNaCH  En cualquier librería #Amazon #RecomiendoLeer #leer #LibrosRecomendados #libros #romantica #Mujeres #LecturaRecomendada #lectores #Escritores #Writer https://t.co/wg1WGOUbik,1.3113500973644472e+18
46,2020-09-30 17:00:43,yuki_nagase,"【ロックDVD】ベスト10
伝説の証 ~ロック・モントリオール1981&amp;ライヴ・エイド1985 [DVD]
https://t.co/pCKxh6Yy7W #Amazon",1.3113502712099226e+18
47,2020-09-30 17:00:47,Merendarconmama,Los 100 libros ilustrados para niños y niñas que todos deberíamos leer... según #Amazon https://t.co/9mTwlq2akO,1.311350288012505e+18
48,2020-09-30 17:00:22,shinchaku,【発売日：2020/09/18】明日、私は誰かのカノジョ（４） (サイコミ×裏少年サンデーコミックス)  https://t.co/PLhpbhq5DC #amazon,1.311350184497029e+18
49,2020-09-30 17:00:13,dealnarwhal,Everyone Hand Soap: Lavender and Coconut $10.32 https://t.co/RyIVNAuR8E at #Amazon https://t.co/I6UWNaaBtS,1.3113501457543004e+18
,date,screen_name,tweet,tweet_id
0,2020-09-30 16:55:45,chilll300,Look what I found on @eBay! https://t.co/IxvHJdb2NE via @eBay #Chromebook #Ebay #Amazon #Selling #Seller #OnSale #trending #explorepage #acer #explorenow #Trending #trendingnow,1.3113490218946396e+18
1,2020-09-30 16:54:41,FINVESTMENTS1,"After starting in 1993 Amazon first profitable quarter was in 2003.
10 years without profit and now the biggest company of the world.

Sometime waiting is worth it...
#investing #Amazon",1.3113487562944594e+18
2,2020-09-30 16:50:02,iPodDealz,"New 11"" 128GB WiFi #Apple #iPad Pros for $749 at #Amazon. That's $50 off. Free ship. https://t.co/j1HyC3nuVT",1.311347585953788e+18
3,2020-09-30 16:55:47,StuckInCa2,"Shooting at #Amazon facility in Jacksonville leaves at least one dead

https://t.co/m1nB355hVe",1.311349031235248e+18
4,2020-09-30 16:51:15,sparbote,"eme IPL-Gerät zur Haarentfernung für 64,99€ inkl. Versand https://t.co/n9szwXF9UT #Amazon #IPL",1.3113478914752225e+18
5,2020-09-30 16:51:13,ocp_tweet,"Other slogans for some brands. 😂

✅Create one for your favorite brand.

#brand #socialmedia #marketing #brandingdesign #starbucks #ستاربكس #influencermarketing #marketingstrategy #advertising #digitalmarketing #pepsi #netflix #linkedinstrategy #ikea #amazon IKEA https://t.co/EdoQE2chek",1.311347882348417e+18
6,2020-09-30 16:56:16,chilll300,Look what I found on @eBay! https://t.co/IxvHJdb2NE via @eBay #Chromebook #Ebay #Amazon #Selling #Seller #OnSale #trending #explorepage #acer #explorenow #Trending #trendingnow  .,1.3113491535119442e+18
7,2020-09-30 16:56:26,chilll300,Look what I found on @eBay! https://t.co/IxvHJdb2NE via @eBay #Chromebook #Ebay #Amazon #Selling #Seller #OnSale #trending #explorepage #acer #explorenow #Trending #trendingnow    ...,1.3113491948888105e+18
8,2020-09-30 16:55:25,MaxiChollo,"‍SUPER PRECIO ❗️🔸 #Amazon | #Juguetes
📣XSHOT Meteor Pistola de gomas de espuma

 ✅PRECIO OFERTA: 12,60€ 

   ⤵️ Link de compra
   🌐 https://t.co/xqFpNBMFns

Visto en https://t.co/HGTfnxg2wd https://t.co/f4TiKVG5wJ",1.3113489398960947e+18
9,2020-09-30 16:51:26,PepinLachance,"@RD4Democracy @Gnrl_Strike_Bot @justicedems @AOC @AyannaPressley @IlhanMN @RashidaTlaib @JamaalBowmanNY @CoriBush @Marie4Congress You do realize that we have the power to do that independently? Stop waiting on others to show leadership, and spread the word yourself.
#BlackFridayStrike
#BlackLivesMatter 
It's time to step up.
#Amazon
We could also do a #GasBoycott as well.",1.3113479354692813e+18
10,2020-09-30 16:52:42,XperienceDope,"Blasting Mozzy, Marc E. Bassy, Sage The Gemini - Cut Ties (Club) right now on Pretty Dope Xperience Radio aka #BlackPandora

listen now and catch a wave!! https://t.co/VqKFopeoex  #nowplaying #np #RT  #NowStreaming #Streema Download Now #Alexa #GooglePlay #iOSAppStore #Amazon #",1.3113482568536883e+18
11,2020-09-30 16:51:59,mohd_amazon4466,"#RedmiNote9 #bestseller #Amazon #bestprice
https://t.co/E6UPc5nfLC",1.3113480763518075e+18
12,2020-09-30 16:55:12,Fai_ry_675,"VSuRing AirPods Pro/2/1用 イヤホン ストラップ マグネット シリコン エアポッズ ネックストラップ 落下防止... https://t.co/wgUSgATudP #Amazon

寝るときこれ欲しいけど収納がなぁ",1.311348885084713e+18
13,2020-09-30 16:55:00,Haidji,"Book Quote : ""Sometimes the world around you..."" Click on  https://t.co/39BkPzWoLz #quoteoftheday #quotes #kindleunlimited #amazonbooks #amazon   #inspiration #haidji   #goodreads #books #read #reading #bookblogger #book https://t.co/VcOdcAhDnl",1.3113488335453143e+18
14,2020-09-30 16:56:05,chilll300,Look what I found on @eBay! https://t.co/IxvHJdb2NE via @eBay #Chromebook #Ebay #Amazon #Selling #Seller #OnSale #trending #explorepage #acer #explorenow #Trending #trendingnow #BuyNow,1.3113491084400271e+18
15,2020-09-30 16:57:13,AppDropped_UK,"Check out this #Amazon Bestseller - Galt Toys Squeeze 'n Brush 12 Classic Colours for £9.34
https://t.co/HcQKhBR9v1 https://t.co/dmCfHQUHfq",1.3113493925873254e+18
16,2020-09-30 16:54:52,kristy_gibs,"Angelina lost her fiance. Wes lost his best friend.

Amazon: https://t.co/qVqVJ7cKCP
Barnes &amp; Noble:  https://t.co/AjYCpGPxmU
Google: https://t.co/IPNQwVLnE9 
ITunes:https://t.co/bS9zLWA3sE 

#kindle #amazon #militaryromance #kristygibs #romance #love #ebooks https://t.co/tZEChHpwus",1.3113488003851674e+18
17,2020-09-30 16:56:04,soso_piano,"Organic &amp; beautiful piano album: ""tsumugi""
https://t.co/CgNIYjhyBK

#iTunes #AppleMusic #Amazon #Spotify #GooglePlay",1.3113491022406083e+18
18,2020-09-30 16:50:05,vicenayala,#Amazon presenta sistema para pagar con la palma de la mano https://t.co/GAl8jruiF4,1.3113475970728346e+18
19,2020-09-30 16:52:40,accordingtoloc,"Local reports about Biden and Bolsonaro directly from Amazon and Brazil #Amazon #Brazil #Biden #Bolsonaro #Amazonrainforest Biden

Follow the story in real time here
👇👇👇
https://t.co/jaxxzkzxb4
👆👆👆

https://t.co/ERdgWWaFa6",1.3113482486327542e+18
20,2020-09-30 16:55:25,Wiki_fox,"❗️Momento mascherine! Chirurgiche spedite da Amazon❗️
📣Mascherine chirurgiche, confezione da 50📣 
📌Mascherine in tessuto regolabili, Filtraggio 95%

▪️#AMAZON 
💰Prezzo  €8,90  - 50 mascherine 
🛒 Acquista https://t.co/htXn6IXgIs
🚚Spedizione Amazon
🌐Da Acquistare… https://t.co/UUTsffpMit",1.3113489414604718e+18
21,2020-09-30 16:51:12,soyporquetueres,"""Estos planteamientos antisindicales son sólo lo que se ha hecho público. Pero es alentador que, a pesar de las artimañas vergonzosas de la empresa, en todo el mundo los trabajadores de #Amazon siguen defendiendo sus derechos"": @CHoffmanUNI 

https://t.co/v1ZMpVBhu4",1.3113478774032712e+18
22,2020-09-30 16:53:12,do6986,"@JoeBiden comment on #Amazon #rainforest 'disastrous and unnecessary,' says #Brazil's Bolsonaro https://t.co/ERHIAptBKE",1.3113483813322342e+18
23,2020-09-30 16:52:50,Charlie_Cawood,"5. https://t.co/lvM9cVLGBp #bigtimeradio https://t.co/N76xPoatRr @Charlie_Cawood @BigTimeRadio1 @bigtime_news
 on #Amazon Echo &amp; App https://t.co/c7cZfm4MQo  #Top40 #Music 247 #Worldwide 3 #Radio #Stations 43 #Countries #Interviews #Billboard https://t.co/JiPHr6jZyC  #SUBMI",1.311348290999509e+18
24,2020-09-30 16:56:00,Haidji,"Book Quote:""Life is just a class filled full with...."" Click on  https://t.co/cgpIWe0qD1 #quoteoftheday #quotes #kindleunlimited #bookquotes #read #ebook #ku  #paperback #amazon  #inspiration #haidji #goodreads #books #read #reading #BookBoost #book https://t.co/Jk2lNBshqa",1.3113490853083218e+18
25,2020-09-03 18:26:48,LenovoLegion,"Lenovo Legion x @PlayApex
Now is your chance to rise above the rest. 
Unmatched performance, purposeful engineering, modern design.
Gear up with a machine as savage as you are.
Stylish outside.
Savage inside.",1.301587465258578e+18
26,2020-09-30 16:56:09,HeleneIllervik,"@MarkRuffalo #Amazon What are you doing? Ban this seller and anyone like this immediately! 
@amazon",1.3113491231619604e+18
27,2020-09-30 16:55:58,XperienceDope,"Blasting Sir, Kendrick Lamar - Hair Down (Club) right now on Pretty Dope Xperience Radio aka #BlackPandora

listen now and catch a wave!! https://t.co/VqKFopeoex  #nowplaying #np #RT  #NowStreaming #Streema Download Now #Alexa #GooglePlay #iOSAppStore #Amazon #",1.3113490788072694e+18
28,2020-09-30 16:50:26,Barendius,"Last Chance! Would you like to win a $50 Amazon Gift Card or PayPal Deposit? Check out this easy entry Gleam giveaway for a chance to #WIN

Open Worldwide

@GooseGiveaways #wingiftcard #wincash #amazon #paypal #winmoney #sweepstakes #giveaways https://t.co/ekkR1dWtp1",1.3113476873090908e+18
29,2020-09-30 16:56:37,chilll300,Look what I found on @eBay! https://t.co/IxvHJdb2NE via @eBay #Chromebook #Ebay #Amazon #Selling #Seller #OnSale #trending #explorepage #acer #explorenow #Trending #trendingnow     ....,1.3113492417601495e+18
30,2020-09-30 16:57:00,rakten_kaden_,"10/01 01:57

パナソニック ES-WR50-P(ピンク) フェリ
【楽天】3195円
【Amazon】3400円

★楽天で購入すると★
 205円 お得（お得率6％）

↓お得な情報を一覧で確認出来るサイト
https://t.co/kMQYxgL6Rh

#楽天市場 #Amazon #お得 #せどり https://t.co/6Djqy44vHC",1.3113493368616714e+18
31,2020-09-30 16:50:05,Idaean,Un cadáver sin identidad. Un crimen sin resolver. Una mujer dispuesta a arriesgarlo todo por descubrir la verdad. Disponible en #Amazon y GRATIS con #Kindle Unlimited: https://t.co/CXZzw06I7H #thriller #Vizcaya #ebooks #domesticnoir #misterio #griplit #terror #libros https://t.co/yUlIBSddTs,1.311347596879954e+18
32,2020-09-30 16:54:13,EscribeCatalina,"#Lectores de #Amazon si #queréis formar parte de algo #especial
 Esta obra cuenta con un elenco de #personajes extenso al igual que su logística. 
Está dirigida a un sector concreto y #selecto aficionado a la #lectura #YoLeo #ebook #Kindle 

🔘https://t.co/UmZgEtuaWU 

#KatyNúñez https://t.co/iRbgNPEuhc",1.3113486374490276e+18
33,2020-09-30 16:52:10,ArunSha94260353,"#AmazonTCLQledQuiz
#AmazonTCLQledQuiz
@TCL_TV_Global 
#AmazonTCLQledQuiz 
#AmazonQuiz 
#Amazon
@amazonIN 
@amazonpay 
@AmazonHelp
@tcl_india 
@amazon 
I hope i am win this Quiz https://t.co/EdjlCD9Tea",1.3113481227197932e+18
34,2020-09-30 16:55:11,JungeGruender,Lohnt sich #Amazon Business für Gründer? https://t.co/Ve1ErxgpvI,1.3113488809702195e+18
35,2020-09-30 16:50:15,TCLovejoy1,@Thegodwithin1 Have you met Charlie yet? #kindle #kindlebooks #kindleunlimited #amazon https://t.co/jIxG8GLvcr,1.3113476375436698e+18
36,2020-09-30 16:51:24,midlifewomanon1,Health Justice Now: Single Payer and What Comes Next https://t.co/ROkQJPTJbi #Amazon,1.311347927877591e+18
37,2020-09-30 16:52:59,MaegwinM,"Beam me in Scotty!

#Amazon 
https://t.co/WgG3s8viBk",1.3113483269151252e+18
38,2020-09-30 16:57:44,com_buyers,"VTech KidiZoom Smartwatch DX2

Link:https://t.co/IS38ROrKCY
#Amazon #kids #Smartwatch 
@Riseofsmart1 @smartwatchesre3 @SmartWatchHQ @Jennife07316270 @Jennife07316270 @TechCrunch @redactoreseo @SmartGadgets20 @4dwatch https://t.co/m6aB0EC2zy",1.3113495227196293e+18
39,2020-09-30 16:55:25,RuggeroStellino,"🤑 VUOI GUADAGNARE ONLINE CON I LOW CONTENT BOOK? 🤑
Continua a leggere qui&gt;&gt; https://t.co/75vlEEi2wZ…/guadagnare-online-con-…/
E SCOPRI ANCHE TU COME FARE...
#selfpublishing #amazon https://t.co/NYCtbTnwhS",1.311348940885893e+18
40,2020-09-30 16:55:12,ChollosDescubre,"‍SUPER PRECIO ❗️🔸 #Amazon | #Juguetes
📣XSHOT Meteor Pistola de gomas de espuma

 ✅PRECIO OFERTA: 12,60€ 

   ⤵️ Link de compra
   🌐 https://t.co/c1VUkogNeb

Visto en https://t.co/HW2VwUc9d2 https://t.co/sLoPbDuAEn",1.3113488836043366e+18
41,2020-09-30 16:53:49,kapilku10724189,"Top urgent openings for Delivery Boys in Amazon - Faridabad.
Interested candidates can mail their CV at info@omegagen.in
and contact : 9389888871

https://t.co/SE2StWhJx4

#amazon #deliveryboys #hiring #jobs #recruitment #faridabad #omegagenservices #India https://t.co/1W2BYq7Qr7",1.311348536198402e+18
42,2020-09-30 16:52:59,tmsl_info,"最新版 軽量 折りたたみ 日傘 uvカット 完全遮光 多層構造 メンズ 折り畳み日傘 速乾生地 晴雨兼用 折りたたみ日傘 レディース 頑丈  ...
価格: ￥1,799 対象商品￥2,000 
https://t.co/j0K4bvlRum
#Amazon #タイムセール",1.3113483274562355e+18
43,2020-09-30 16:55:55,kiiragikyo,"iNSPiC REC PIKA https://t.co/sFMDmol1RJ #Amazon
ピカチュウバージョン来たか、この値段でランダム商法するのエゲツない精神してんな？？？？",1.3113490653685678e+18
44,2020-09-30 16:55:20,hispachollos,"🌀 GEARGO Batidora de Vaso, Licuadora Portatil para Smoothies, Frutas y Verduras, Incluye 2 Botellas de 600 ml y Cepillo de Limpieza, Cuerpo de Acero Inoxidable, Operación con Solo Botón, Sin BPA. #Amazon 🇪🇸

🔘 Marca la casilla del cu ...
https://t.co/vk1QMKQoS5
#chollo",1.3113489186393539e+18
45,2020-09-30 16:55:18,CholloLinkES,"‍SUPER PRECIO ❗️🔸 #Amazon | #Juguetes
📣XSHOT Meteor Pistola de gomas de espuma

 ✅PRECIO OFERTA: 12,60€ 

   ⤵️ Link de compra
   🌐 https://t.co/8XcJUWHQUk

Visto en https://t.co/JpQzg3pNYP https://t.co/4ZYLqFQ9Mf",1.311348911353856e+18
46,2020-09-30 16:56:21,darazu8,"🚀差額：6010円🚀

【メルメル】
　価格：48000円

【楽天】
　価格：54980円   
🔥実質：41990円🔥
✅クーポン450
✅SPU10倍
✅店舗 +1倍
✅勝ったら倍 +2倍
✅ワンダフル+2倍
✅エントリー ８倍

#せどり #電脳 #メルカリ #Amazon #買取
https://t.co/feVwi6rpEp",1.311349172461691e+18
47,2020-09-30 16:50:05,kaylizmc,#Win an #Amazon Gift Card in our #Twitch #Games #Giveaway via @sffbookbonanza: https://t.co/60ZXV0KrSB,1.311347596691153e+18
48,2020-09-30 16:51:59,rakten_kaden_,"10/01 01:51

玄米専用低温貯蔵庫　LHR-14　(7俵タイプ/1
【楽天】108900円
【Amazon】109780円

★楽天で購入すると★
 880円 お得（お得率1％）

↓お得な情報を一覧で確認出来るサイト
https://t.co/kMQYxgL6Rh

#楽天市場 #Amazon #お得 #せどり https://t.co/QYi6MJAAvq",1.3113480768340296e+18
,date,screen_name,tweet,tweet_id
0,2020-09-30 16:46:19,reinadellowcost,"🌟 [𝗟𝗮 𝗿𝗲𝗶𝗻𝗮 𝗱𝗲𝗹 𝗟𝗼𝘄𝗰𝗼𝘀𝘁] 🌟

🔊 Realme C3 - Smartphone de 6.5"" LCD multi-touch, 3 GB RAM + 64 GB ROM, Procesador Helio G70 Octa #amazon

🌍 Enlace: https://t.co/Qn99Nn5g76

Te esperamos en telegram: https://t.co/Jxndx9pJCJ https://t.co/mkagwLpQG4",1.3113466484765204e+18
1,2020-09-30 16:46:00,SpencerFraseur,PRE-ORDER The ebook TODAY for only $3.69. Also available on Kindle Unlimited. Paperback is out on OCTOBER 12th. https://t.co/Rw3oRjDtup 😀#irrationalmind #BookWorm #leadership #LeadershipDevelopment #KindleUnlimited #Amazon #ebook #bookstagram #success #booklovers #bookreviews https://t.co/Vok9tJHOsr,1.311346568843473e+18
2,2020-09-30 16:44:32,kaylizmc,Love Fantasy &amp; SciFi? #Win a $100 #Amazon #GiftCard in this month's mega #BookBub #Giveaway via @sffbookbonanza: https://t.co/xhcnkQZzdO,1.3113462009988178e+18
3,2020-09-30 16:43:56,valseal46,"Last Chance! Would you like to win a $50 Amazon Gift Card or PayPal Deposit? Check out this easy entry Gleam giveaway for a chance to #WIN

Open Worldwide

@GooseGiveaways #wingiftcard #wincash #amazon #paypal #winmoney #sweepstakes #giveaways https://t.co/LGRLQKdd6m",1.3113460498109235e+18
4,2020-09-30 16:44:26,Shot_And,"タイムリーかつ興味のど真ん中っぽい本を購入🇺🇸

ディス・イズ・アメリカ 「トランプ時代」のポップミュージック 
https://t.co/IYsn9RNhTR #Amazon",1.311346175027544e+18
5,2020-09-30 16:48:02,CholloLinkES,"‍SUPER OFERTA ❗️🔸 #Amazon | #Belleza
📣Eucerin Family Pack Ph5 Oleogel de Ducha 1000 ml y oleogel 400 ml

⛔️ PVP: 26,50€ 
 ✅PRECIO OFERTA: 16,41€ 

   ⤵️ Link de compra
   🌐 https://t.co/JvRVNjHDgA

Visto en https://t.co/JpQzg3pNYP https://t.co/OOifEag9Rp",1.3113470804520264e+18
6,2020-09-30 16:47:43,ChollosDescubre,"‍SUPER OFERTA ❗️🔸 #Amazon | #Belleza
📣Eucerin Family Pack Ph5 Oleogel de Ducha 1000 ml y oleogel 400 ml

⛔️ PVP: 26,50€ 
 ✅PRECIO OFERTA: 16,41€ 

   ⤵️ Link de compra
   🌐 https://t.co/3mZmHTAhOb

Visto en https://t.co/HW2VwUc9d2 https://t.co/UxsvoD1lN8",1.3113470015739412e+18
7,2020-09-30 16:48:27,Win17Tweets,"It's amazing how quickly this SH.T went to market on #Amazon, which BTW is profiting mightily from the #COVID19 -- #covidmillionaires like Bezos are disgusting, and their behavior should rightly be condemned, just as @marwilliamson did. https://t.co/cSAX4wqXqF",1.3113471872641638e+18
8,2020-09-30 16:46:18,OnlyGearBest,"🌟 [𝗢𝗻𝗹𝘆 𝗚𝗲𝗮𝗿𝗯𝗲𝘀𝘁] 🌟

🔊 Realme C3 - Smartphone de 6.5"" LCD multi-touch, 3 GB RAM + 64 GB ROM, Procesador Helio G70 Octa #amazon

🌍 Enlace: https://t.co/1W5W1pqywE

Te esperamos en telegram: https://t.co/mPaN5u2fFj https://t.co/g6CWA9bG0j",1.311346644542255e+18
9,2020-09-30 16:46:50,gohstk,Les cuento que en #Amazon tenemos envíos gratis a Colombia desde 35 usd,1.3113467792212623e+18
10,2020-09-30 16:45:07,writingforkidz,"(4) 230+ Page textbooks are now available, each at an incredible price. They were designed to encourage your children to work through them independently. #christian #book #amazon #homeschool #bible #biblestudy #God #Jesus Here's where to get them: https://t.co/43g7AU3WZm https://t.co/CLcMofGp1U",1.3113463466038518e+18
11,2020-09-30 16:49:32,XperienceDope,"Blasting Mustard, Ty Dolla Sign, Ella Mai - Surface  right now on Pretty Dope Xperience Radio aka #BlackPandora

listen now and catch a wave!! https://t.co/VqKFopeoex  #nowplaying #np #RT  #NowStreaming #Streema Download Now #Alexa #GooglePlay #iOSAppStore #Amazon #",1.3113474589880115e+18
12,2020-09-30 16:48:34,CoolDealCA,"💲💰
9ABOY Unisex Sports Headband 6...
Reduced from $16 to $7
Coupon code: 8A5XJWYP

# #Deals #new #Deals #savings #Amazon  #Deal #ganga

 https://t.co/jonKVPi7ne https://t.co/5TeuPKH3Hk",1.311347215919706e+18
13,2020-09-30 16:46:00,z1jobutsu,"#fantasy #novel #Angels #amazon #actorslife #lovestory #romancenovels #filmnoir #film #mystery #mystic #myth #murderhouse #myth #murder #noir #noiralley #8winds 
@MarkRuffalo @RealHughJackman @Springsteen
@aloompanix @thumbelulu @MikeMedavoy @CrimeReads @ReadsCrime #BuyStamps #RT https://t.co/Bbz0ZjFK9X",1.3113465687300383e+18
14,2020-09-30 16:48:46,kaylizmc,Love Speculative Fiction? #Win a Mega Book Gift Basket in this #Amazon &amp; #Goodreads #Giveaway via @sffbookbonanza: https://t.co/P0dGynr0A2,1.3113472650139402e+18
15,2020-09-30 16:49:51,k_vanp,ウイングエース 火消しカップ付吸殻缶 スタンドセット AT-05J ジョイント脚式 https://t.co/I2YEhnErTr #Amazon,1.3113475403405353e+18
16,2020-09-30 16:43:56,JessGaber,Thank You to all the people who have bought my book lately. I appreciate the support 💚 #mybook #amazon #kindlebooks #paperback #mystory #mylifestory https://t.co/L0axzktUv4,1.311346051421479e+18
17,2020-09-30 16:46:36,elsuperchollo,"Esto es la 💣 #Amazon 

Kappa - Anchen Authentic T Camiseta, Hombre 

📢 Mega descuento del 51% 

💵 Precio desde 24,42 EUR

🔰 Enlace: https://t.co/CnWizNg3MB 

🌐 https://t.co/xzvMweiIIS https://t.co/Ph5PCbSpYV",1.3113467222416794e+18
18,2020-09-30 16:47:55,MaxiChollo,"‍SUPER OFERTA ❗️🔸 #Amazon | #Belleza
📣Eucerin Family Pack Ph5 Oleogel de Ducha 1000 ml y oleogel 400 ml

⛔️ PVP: 26,50€ 
 ✅PRECIO OFERTA: 16,41€ 

   ⤵️ Link de compra
   🌐 https://t.co/mJxFrC6Vru

Visto en https://t.co/HGTfnxg2wd https://t.co/cTUqJBt0YD",1.3113470528283402e+18
19,2020-09-30 16:44:04,kaylizmc,Love Speculative Fiction? #Win a $100 #Amazon #GiftCard in this #Facebook &amp; #Twitter #Giveaway via @sffbookbonanza: https://t.co/GXcAw6ITHZ,1.3113460820567286e+18
20,2020-09-30 16:45:58,TAGGLogistics,@Amazon had to postpone their usual summer time #PrimeDay and is now scheduled for October 13th and 14th. That means that this year's #holidayseason will be starting sooner than ever before! Are you planning to shop big for #Amazon Prime Day this year? https://t.co/wNGkOpAov1,1.311346561826386e+18
21,2020-09-30 16:46:59,rakten_kaden_,"10/01 01:46

トレビーノ　カートリッジセット　STCT2J−Z　
【楽天】3239円
【Amazon】3450円

★楽天で購入すると★
 211円 お得（お得率7％）

↓お得な情報を一覧で確認出来るサイト
https://t.co/kMQYxgL6Rh

#楽天市場 #Amazon #お得 #せどり https://t.co/y6lYeGeANV",1.311346816781226e+18
22,2020-09-30 16:48:39,esohavuelto,"Bolso para hombre coronel Tapiocca por 12,99€ en Amazon ❤️  https://t.co/LXJ5hu8aOf
-Código promocional Amazon ✂️  https://t.co/SwUmSB7RUD 
.
.
.
#CoronelTapiocca #bandoleraparahombre #bolsoparahombre #accesoriosparahombres #bandoleras #Amazon https://t.co/8luRcwcxW5",1.3113472348569395e+18
23,2020-09-30 16:45:19,panuteknoloji,"E-Ticaretinizi doğru yönetmek için, Profesyonelleri seçin....

0 850 346 2023

https://t.co/Y4OOIU9pis

#panu #panuteknoloji #thinksimple #yazılım #software #tecnologia #teknoloji #eticaret #b2b #b2c #internet #n11 #hepsiburada #gittigidiyor #trendyol #amazon #epttavm #eposta https://t.co/GgVhA45lhR",1.3113463968098836e+18
24,2020-09-30 16:44:53,ManoBOfficiel,Coucou mes followers si vous souhaitez lire un livre que j’ai écrit je vous conseil d’aller sur @amazon @AmazonKindle @amazonbooks @AmazonIT @AmazonUK nom d’auteur Manuel Balverde bonne lecture iEvasion #mercrediLecture #partage #amazon #beaucoup RT,1.3113462898172887e+18
25,2020-09-30 16:48:00,Gamerspalacio,"Mit dem #Mi10T und #Mi10TPro hat Xiaomi heute neue heiße Smartphones gezeigt. Bei #Amazon gibt es eine exklusive Version inkl. Kopfhörer: https://t.co/ustMHYOb88 (Partnerlink, wir erhalten ggf. einen Anteil am Einkauf)",1.3113470718745108e+18
26,2020-09-30 16:44:57,AvaskAccounting,"Have you registered to our upcoming #Expanders webinar 'The Essentials of Product Compliance When Selling on #Amazon Europe' yet?

https://t.co/nmSDR0KXNW https://t.co/D9DYKOsfQX",1.3113463053740646e+18
27,2020-09-30 16:44:01,JulieBritton25,"It's #bookqw Wednesday. This week's word is FURY. #sweetromance #romanticsuspense #amazon #KindleUnlimited 
https://t.co/I0U7rrhpLr https://t.co/2Cq5OL1sRK",1.3113460702413169e+18
28,2020-09-30 16:45:07,MacsOnly,"2020 13"" 2.0GHz/256GB #Apple #MacBook Pro for $1599 at #Amazon, $200 off. Free ship. https://t.co/Q8LX2KIkeM",1.3113463469731676e+18
29,2020-09-30 16:46:28,XperienceDope,"Blasting PDX Radio - Download the android app now! right now on Pretty Dope Xperience Radio aka #BlackPandora

listen now and catch a wave!! https://t.co/VqKFopeoex  #nowplaying #np #RT  #NowStreaming #Streema Download Now #Alexa #GooglePlay #iOSAppStore #Amazon #",1.3113466858938982e+18
30,2020-09-30 16:43:46,silvas021,"Capela n.s. das Graças.
Sítio Manoel Mulato
Agreste pernambucano. 
#Igrejas #capelas #natureza #sitio #roça #nordeste #estado #Pernambuco #Recife #Brasil #fhoto #Fothografhy #fotography #Amazon #geografiauniversal https://t.co/VsVRH6CkWe",1.3113460089122652e+18
31,2020-09-30 16:45:17,DeniseSanger,Isn't this throw blanket adorable? Would be perfect over the back of a couch or chair. Get it via amazon affiliate link here: https://t.co/DRc6yetcmw #amazon #ad,1.3113463906232934e+18
32,2020-09-30 16:45:53,SpireChronicle,"'I thought this book was so clever, and loved the Dickensian style in which it's written'
#FREE On #KindleUnlimited
#HistoricalFiction
#CHARLESDICKENS
#SalisburyHour
#Amazon #Kindle https://t.co/K8dcokBu2W
#Paperback https://t.co/BH5w3sFPGY

#Bestseller
#WriterWednesday https://t.co/wXFTfTXYxI",1.311346541806981e+18
33,2020-09-30 16:44:47,writingforkidz,Why not pick up some Amazon Books while staying home with your kids? #Christian #Children #Book #Amazon #Jesus #read #reading #readers #BibleStories #God #Book #christian Here’s where to find them: https://t.co/efpCnOAn9t https://t.co/vM9RcQ8eNA,1.3113462615517553e+18
34,2020-09-30 16:45:15,darazu8,"🚀差額：6869円🚀

【メルメル】
　価格：59000円

【楽天】
　価格：69090円   
🔥実質：52131円🔥

✅クーポン500
✅SPU10倍
✅店舗 +1倍
✅勝ったら倍 +1倍
✅ワンダフル+2倍
✅エントリー 9倍

#せどり #電脳 #メルカリ #Amazon #買取
https://t.co/q3M27PDbPv",1.311346381483696e+18
35,2020-09-30 16:47:02,creativemm12,"👉https://t.co/GLlr24Hkul  #amazon👈
💯👉Auto Follower👈💯
💯👉#自動相互フォロー👈💯

#固定ツイートRT
#Palantir
#Equity
#Astros
#FollowNGain
#RT企画
#autofollower
#相互リツイート
#TFB
#固定ツイートRT
#bts
#seventeen",1.3113468312599101e+18
36,2020-09-30 16:45:04,KathleenHarrym1,"Why not come on over to my #Amazon #Author Page

There's a #psychological #thriller #suspense #historical #romance #poetry #book waiting for you.

📌 https://t.co/nVTqXWHSre

#mustread #BYNR #ASMSG #PoetryLovers #kindle #paperback #AuthorUpROAR #HistFic #goodreads #tw4rw https://t.co/rtqWs79hV3",1.3113463355730452e+18
37,2020-09-30 16:45:00,daria_croft,"Sure why not give more data to Amazon by freely offering up my palm print...they only have the worst track record with data privacy. 🤦🏼‍♀️

#amazon #data #privacy #cashless

https://t.co/ySVxndqxo4",1.3113463173779415e+18
38,2020-09-30 16:44:29,creativemm12,"👉https://t.co/tk3xykJmMz #amazon👈
💯👉Auto Follower👈💯
💯👉#自動相互フォロー👈💯

#フォロバ100パーセント
#CBS #news
#The #Craft: #Legacy
#Yankees
#autofollower
#1000ADay
#TeamFollowback
#RT企画
#相互RT
#f4f
#FollowNGain
#フォロバ100パーセント",1.3113461881934193e+18
39,2020-09-30 16:46:13,damage4control,Fuck #proudboys and Fuck #Amazon https://t.co/HMY5edeHZm,1.3113466225346191e+18
40,2020-09-30 16:44:58,AvaskAccounting,"Tomorrow, Thursday 1st October, #AVASK host Tom Meek will meet Andy Hooper, CEO at @TheEcommExperts, to discuss everything you need to know about:

✓ #ProductSafety and compliance in the EU
✓ Product label compliance and what it is required when selling on #Amazon Europe",1.3113463076054426e+18
41,2020-09-30 16:46:20,PalletFly,"HOT DEAL! Mecard Evan Deluxe - Transforming Robot to Toy Car
Retail Price: $24.99
Your Cost: $4.25
Minimum Order: 369 Units
Total Available: 1584 Units
https://t.co/GLYVvSlQ1B

#wholesale
#amazonfba
#fba
#amazonreseller
#resellerdeal
#fbaseller
#amazon
#Toy
#Toywholesale https://t.co/3u4Egx4bbJ",1.3113466551536763e+18
42,2020-09-30 16:46:20,MenudoPaquete,"🌟 [𝗠𝗲𝗻𝘂𝗱𝗼 𝗣𝗮𝗾𝘂𝗲𝘁𝗲] 🌟

🔊 Realme C3 - Smartphone de 6.5"" LCD multi-touch, 3 GB RAM + 64 GB ROM, Procesador Helio G70 Octa #amazon

🌍 Enlace: https://t.co/kFx4yrCxkS

Te esperamos en telegram: https://t.co/IbEojfZpa4 https://t.co/vbJZIRfl4j",1.3113466523184906e+18
43,2020-09-30 16:48:05,o93Qjba4A79Cvs9,"あなたと2人
泣きながら
不安を抱えていたね
今はもう
2人
笑い合えるね
頑張ったよね私達

#ポエマー岡本琴恵
#きみとぼくの距離
#平々凡々
#日々是好日
#Amazon
#自費出版
#よろしくお願いします",1.3113470944147948e+18
44,2020-09-30 16:48:28,TheInStockRoom,"***New Deal***
9ABOY Unisex Sports Headband 6...
Reduced from $16 to $7
Coupon code: 8A5XJWYP
https://t.co/JNzp9EZ0Y2
#Deals #newDeals #savings #Amazon https://t.co/CneaEUaEgS",1.3113471897346744e+18
45,2020-09-30 16:44:26,hispachollos,"🌀 ESDDI Softbox Kit Iluminacion Fotografia con 2 Softbox 50x70cm, 2 Bombilla de Luz 800W, 2 Tripodes, 1 Bolsa de Transporte, Luz Continua para Estudio Fotográfico Profesional. #Amazon 🇪🇸

🕘 PRECIO FLASH: 50,99€

💶 Precio oferta: 68,9 ...
https://t.co/I22C4tpDmF
#chollo",1.311346173567959e+18
46,2020-09-30 16:49:29,kaylizmc,"#Win an #Amazon Gift Card in our #Wattpad, #Radish and #ShortStory #Sweepstakes #Giveaway via @sffbookbonanza: https://t.co/yjNIiDisEf",1.3113474476759695e+18
47,2020-09-30 16:47:00,Haidji,"Book Quote: ""In the middle of the night, somewhere..."" Click on https://t.co/oavjmMxxrm #quoteoftheday #quotes #kindleunlimited #bookquotes #read #ebook #ku  #paperback #amazon  #inspiration #haidji #goodreads #books #read #reading #BookBoost #book https://t.co/HwP5jJBAME",1.311346820308783e+18
48,2020-09-30 16:50:00,FishJurassic,"Like all the redtail species they are most often located along the margins tight to the bank.

https://t.co/lhDzXTwJ02
enquiries@jurassicfishingthailand.com

#sorubim #spottedsorubim #amazonredtailcatfish #amazon #catfish #catfishing #catangling #predatorfishing #pikeangling https://t.co/C9ppsH8QJg",1.311347575262507e+18
49,2020-09-30 16:47:37,DMarques1981,"@JoeBiden, we're not for sale.

The Amazon belongs to brazilian people. Do not dare to threaten our forest!

...but, if you insist on it, we'll waiting for you! 😈🇧🇷

@DonaldJTrumpJr
@POTUS
#Debates2020
#debates #Amazon",1.3113469766471516e+18
,date,screen_name,tweet,tweet_id
0,2020-09-30 16:43:22,JLMC3791,"Just saw this on #Amazon: Moon Boat 4 Sets #Bloody Garland Banner - #Halloween #Zombie #Vampire #Party Decorations Supplies by #Moon #Boat for $14.99 https://t.co/MzR5RUg9YN 

#Repost #Scary #Opinion",1.3113459076365435e+18
1,2020-09-30 16:43:20,JLMC3791,Just saw this on ##Amazon: MEULOT #Halloween  Decorations Bloody Handprint Footprint Stickers Window clings Scary Halloween Decorations Wall Stickers Window Decals for Halloween Vampire Zombie Party Decorations Supplies by MEULOT for $9.98 https://t.co/KktHPZ1Pq3,1.311345899877077e+18
2,2020-09-30 16:42:53,Harald_Brauer,"How to feed the world more sustainably? Learn about #agriculture best practices with various #AWS #cloud based solutions to reduce waste, minimise costs and ensure food safety. https://t.co/A3OFZwDdOC #Amazon #robotics #IoT #AI #ML #computervision https://t.co/wuPkzfqys2",1.3113457848777155e+18
3,2020-09-30 16:42:36,XperienceDope,"Blasting Paul Brown - What You Like right now on Pretty Dope Xperience Radio aka #BlackPandora

listen now and catch a wave!! https://t.co/VqKFopeoex  #nowplaying #np #RT  #NowStreaming #Streema Download Now #Alexa #GooglePlay #iOSAppStore #Amazon #",1.3113457127314268e+18
4,2020-09-30 16:42:02,robinsnewswire,"""Aoben 3/8"" 12V Power Ratchet Tool Kit only $45.59: eDeal Info"" #Amazon #Ebay #Walmart #Discounts #Coupons #Deals: https://t.co/ziBOVcU6hm",1.3113455727463875e+18
5,2020-09-30 16:43:22,JLMC3791,"Just saw this on #Amazon: Amazlab #Halloween Party Cups, Live #Blood of Theme Parties- Bulk Packs IV Blood Bag Drink Containers 11.5 FL Oz, Vampire/ Hospital/Halloween Theme Party Favors, Nurse Graduation Party Props, Set by Amazlab for $19.99 https://t.co/DQD4ekRnUM 

#Repost",1.3113459061686067e+18
6,2020-09-30 16:41:26,ARTISTCODE3,"#Amazon presentó #AmazonOne, un método de pago bastante interesante, el cula consiste en útilizar la palma de tu mano. https://t.co/QoEq318i5v",1.3113454220745523e+18
7,2020-09-30 16:43:23,JLMC3791,"Check out this #Amazon deal and help make kids #Halloween fun this year!: Rubie's Official #JurassicWorld Inflatable #Dinosaur Costume, T-Rex with Sound, Standard by Rubie's https://t.co/mhoEpzdnxi

#Repost #Scary #October #Opinion #USA",1.3113459107068273e+18
8,2020-09-30 16:43:23,JLMC3791,"Check out this #Amazon deal to help make your kids #Halloween fun: Rubie's Men's DC Comics Deluxe #Superman Costume, As Shown, Extra-Large by Rubie's https://t.co/IkOdo5lDBI via @amazon 

#Repost #Superman #Opinion #Fun #Scary #October",1.3113459122125865e+18
9,2020-09-30 16:43:05,valtoyb,"Hi Friend, Do you live in #USA and own an #AmazonEcho? Kindly try out this FREE #motivational #AlexaSkill: https://t.co/QWqd9vMyPe
Share with your friends and loved ones. Thank you! #RETWEEET #amazonprime #Amazon",1.3113458370379776e+18
10,2020-09-30 16:42:02,robinsnewswire,"""Jadaol Cat 6 Ethernet Cable 100 ft White Flat with Clips only $13.19: eDeal Info"" #Amazon #Ebay #Walmart #Discounts #Coupons #Deals: https://t.co/3vOwALxh5n",1.3113455715468902e+18
11,2020-09-30 16:43:39,DevidSunny1,"Some free products for full refund +cover pp 
DM if you need 
Only for US UK DE(Germany) and CA
#amazonfreebie
#AmazonQuiz 
#amazon",1.3113459778450473e+18
12,2020-09-30 16:43:43,Amazing_Ebooks,Magic Destiny: Dark Paranormal Romance (Irish Rogue Series Book 1) https://t.co/jRXnUwIQlx #amazon #kindle #ebook #freebook,1.3113459934940037e+18
13,2020-09-30 16:42:11,Stephan91919816,"I’m an #Amazon customer, and I want @Amazon to give me a plastic-free packaging choice! I should not be forced to potentially pollute the oceans every time I place an order. @amazonhelp please note my file that I don’t want plastic packaging. #PlasticFreeAmazon",1.3113456110070538e+18
14,2020-09-30 16:43:25,TheVoodoomama,"STAND BACK STAND BY, BE A PROUD BOY Tank Top https://t.co/YoijfNaG68 #Amazon
Seriously ⁦@amazon⁩?
You're promoting a violent hate group?
#amazon #ProudBoysAreNazis",1.3113459194855014e+18
15,2020-09-30 16:43:21,JLMC3791,"Check out this #Amazon deal: Angmart 2PCS #Halloween Giant Bloody Window Posters Window Clings Party Decoration Haunted House Door Cover Creepy School Dormitory Window 60"" x 60"" by Angmart https://t.co/aIUxPiiVXZ 

#Repost #Scary #Opinion",1.3113459046585876e+18
16,2020-09-30 16:43:18,JLMC3791,"Check out this #Amazon Amazon deal: LUMINATERY Halloween Skull Lantern String Lights, 30LED 8 Lighting Modes, Remote Control, Battery-Powered, Perfect for Indoor Outdoor Halloween Decoration (Blue-1) by LUMINATERY https://t.co/K0ljrHHxOB via @amazon",1.3113458919163617e+18
17,2020-09-30 16:42:02,robinsnewswire,"""Zojirushi CD-WCC40 Micom Water Boiler &amp; Warmer only $108.15: eDeal Info"" #Amazon #Ebay #Walmart #Discounts #Coupons #Deals: https://t.co/1iPenmymOw",1.3113455722389586e+18
18,2020-09-30 16:42:02,robinsnewswire,"""Bowflex TC100 Treadclimber with 5 Workout Programs only $1599.99: eDeal Info"" #Amazon #Ebay #Walmart #Discounts #Coupons #Deals: https://t.co/hqOVu3NZP8",1.3113455703641047e+18
19,2020-09-30 16:43:44,Amazing_Ebooks,Dark Desires (Dark Gothic Book 1) https://t.co/dMYsQNBSwC #amazon #kindle #ebook #freebook,1.3113459982042194e+18
20,2020-09-30 16:42:16,kalydeoo,"Avec One, #Amazon propose de payer avec la paume de la main https://t.co/Vm9KGLyn1d via @latribune cc @Nicochan33 @jblefevre60 @chboursin  @labordeolivier",1.31134563168077e+18
21,2020-09-30 16:43:40,Amazing_Ebooks,Before the Unit: The Recruiting of Kevin Banks https://t.co/TxgoasJ16c #amazon #kindle #ebook #freebook,1.3113459828320215e+18
22,2020-09-30 16:42:20,Zerostreet,"#Amazon has added my shop to their #PrimeDay Small Business Promotion. If you're a Prime Member and spend $10 you get a $10 credit to use on #AmazonPrimeDay  which is Oct. 12. You can choose from my item's at this link: https://t.co/DjF9tRmWqS 
#tiki #monster #prints #art https://t.co/S1Z88P70XP",1.3113456476442993e+18
23,2020-09-30 16:43:19,JLMC3791,"Just saw this on #Amazon: GIGALUMI #Halloween Decoration Lights Halloween String Lights,Set of 3 Battery Operated Fairy Lights 12ft Pumpkin Bat Ghost String Lights with 30 LED Each for Indoor/Outdoor Halloween, Party by GIGALUMI for $19.99 https://t.co/Y64wRRNi7D via",1.3113458935562609e+18
24,2020-09-30 16:43:36,Amazing_Ebooks,Vendetta (Gia Santella Crime Thrillers Book 1) https://t.co/8d7TekPvwD #amazon #kindle #ebook #freebook,1.3113459648427336e+18
25,2020-09-30 16:43:25,JLMC3791,"Just saw this on #Amazon: LarpGears Halloween Costume Party #Baby Mask Full Head for Adults Latex Cry Baby Mask.  Be a part of the #Democrats and the #Snowflake generation by LarpGears for $12.99 https://t.co/VNwEqH6BCg 

(NOTE: Some #Democrats don't suck, just most!!!) #Opinion",1.311345919846232e+18
26,2020-09-30 16:41:44,abid_ali99,"Memoirs Of The Senator's Wife 
S. M. Ford (Author)

https://t.co/TiJSdD0btx

Memoirs Of The Senator's Wife is an international best selling saga of a dark romance

#history #amazon #kindle #ebook #amreading #WritingCommunity
#Memoirs #Senator's #Wife #Romance",1.3113454968379802e+18
27,2020-09-30 16:43:38,Amazing_Ebooks,The Bird https://t.co/R1wB4Cw3XH #amazon #kindle #ebook #freebook,1.3113459757227581e+18
28,2020-09-30 16:42:27,GhanshyamgarGo1,"#Amazon 
Bakvas app he don't bay  . 
Mene phone kharida vo defective nikla  jab return request diya to phone le gye or refund nahi mila 1 month ho gya na hi sahi se javab de rahe he date pe date de rahe he lekin mera problem Nahi sall Kar rahe.
My order  image https://t.co/r7XyBv5wsv",1.311345674911273e+18
29,2020-09-30 16:43:41,Amazing_Ebooks,Blatant Lies https://t.co/3OopFQdkLm #amazon #kindle #ebook #freebook,1.3113459860868628e+18
30,2020-09-30 16:40:23,WirtschaftNews,Neuer Artikel: Amazon Prime Day kommt: Tausende Angebote am 13. und 14. Oktober https://t.co/JSzg4SSSEa #Amazon #E-Commerce #PrimeDay,1.311345155371348e+18
31,2020-11-10 19:27:48,amazon,"Shanika, a leader with the Amazon Future Engineer program, fights for equal access to STEM education. She's committed to providing quality, hands-on learning for all students, no matter their zip code or skin color.",1.3262451923539968e+18
32,2020-09-30 16:43:23,JLMC3791,"Just saw this on #Amazon: 60 PACK Party Jello Shot #Syrings, Jumbo! 2OZ BPA Free, Washable,Reusable Big Springe for Jello Shot,Durable Jello Shot Syringes for #Halloween, #Bachelor - #BacheloretteParty by JOLLY CHEF for $28.99 https://t.co/1TcOQ2hJIs 

#Repost #Scary #Opinion",1.311345909142352e+18
33,2020-09-30 16:43:45,Amazing_Ebooks,A Tale Of Two Reapers Book 1 https://t.co/DlsvfY07XT #amazon #kindle #ebook #freebook,1.3113460013918167e+18
34,2020-09-30 16:43:19,JLMC3791,"Just saw this on #Amazon: VEYLIN 6Sheets 200Pcs #Halloween Window Clings, Double-Side Spooky Removable Window Sticker for Halloween Party Decoration by VEYLIN for $11.99 https://t.co/zHNp300xYu via @amazon",1.3113458951669391e+18
35,2020-09-30 16:41:59,rakten_kaden_,"10/01 01:41

（納期目安：1.5ヶ月〜）シャープ 【右開き】7．
【楽天】139800円
【Amazon】264280円

★楽天で購入すると★
 124480円 お得（お得率89％）

↓お得な情報を一覧で確認出来るサイト
https://t.co/kMQYxgL6Rh

#楽天市場 #Amazon #お得 #せどり https://t.co/W9Z6809eOY",1.3113455567870607e+18
36,2020-09-30 16:43:24,JLMC3791,"Check out this #Amazon deal: Smiffys Dark #Opera #Masquerade Costume by Smiffys https://t.co/VZ1pNSOgTQ via @amazon 

#Repost #Scary #Halloween #Fun #October",1.3113459167969567e+18
37,2020-09-30 16:43:24,JLMC3791,Just saw this on #Amazon: Spooktacular Creations Inflatable Raptor Riding a Raptor #Dinosaur Deluxe Costume - #Adult (Blue) by Spooktacular Creations for $44.95 https://t.co/bqLmt0U0MP,1.311345913768665e+18
38,2020-09-30 16:43:37,Amazing_Ebooks,Maggie for Hire https://t.co/N3WjCAcpMi #amazon #kindle #ebook #freebook,1.3113459702869402e+18
39,2020-09-30 16:43:20,JLMC3791,"Just saw this on #Amazon: Bloody Handprint Footprint Halloween Decorations - 88 PCS #Halloween Window Clings, 8 Sheets Bloody Wall Decal Floor Clings with Tattoo Stickers, Spooky Window Stickers for Halloween Party Decorations by COSY for $9.99 https://t.co/hbcYQtNJ6I",1.311345898228781e+18
40,2020-09-30 16:43:41,Amazing_Ebooks,My Dragon Lord (Broken Souls 1) – Dragon Shifter Paranormal Romance https://t.co/hILnsAU1wT #amazon #kindle #ebook #freebook,1.3113459886830797e+18
41,2020-09-30 16:43:36,Amazing_Ebooks,Sparks https://t.co/zxox7kThDV #amazon #kindle #ebook #freebook,1.311345967254442e+18
42,2020-09-30 16:43:38,Amazing_Ebooks,Green River Blend: A Supernatural Thriller https://t.co/hxwYavjMij #amazon #kindle #ebook #freebook,1.3113459727909233e+18
43,2020-09-30 16:43:21,JLMC3791,"Just saw this on #Amazon: MAOYUE #Halloween Decorations Cocoon Corpse, Halloween Props 72 Inch Hanging Corpses with LED Skull Eyes, Spider Cover and Sound Induction, Halloween Outdoor Props Decoration by MAOYUE for $39.99 https://t.co/2klfUMU3jg 

#Repost",1.311345901500334e+18
44,2020-09-30 16:43:39,Amazing_Ebooks,Dying for a Double https://t.co/IZOWF1tc7E #amazon #kindle #ebook #freebook,1.3113459779876536e+18
45,2020-09-30 16:43:24,JLMC3791,"Check out this #Amazon deal: Rubie's Official #JurassicWorld Inflatable #Dinosaur Costume, Pteranodon, Standard by Rubie's https://t.co/AYP9GseaU4",1.3113459153036902e+18
46,2020-09-30 16:43:20,JLMC3791,Check out this #Amazon deal: Greneric #Halloween Stickers Window Clings Halloween Window Stickers Skeleton Bats Decals for Halloween Decorations Haunted House Party Supplies by Greneric https://t.co/wGQh4X5Kqs via @amazon,1.3113458967649034e+18
47,2020-09-30 16:43:21,JLMC3791,"Just saw this on #Amazon: VATOS #Halloween Decorations Cocoon Corpse, 74 Inch Hanging Corpses Props Scary Skeleton Body with LED Skull Eyes Inside Spider Web for Haunted Yard Indoor &amp; Outdoor Decor Terror Props by VATOS for $23.99 https://t.co/TGajlEdO6k 

#Repost #Scary #Opinion",1.3113459030018335e+18
48,2020-09-30 16:42:02,robinsnewswire,"""Warm Living 6 Element Wood Cabinet Heater only $69.99: eDeal Info"" #Amazon #Ebay #Walmart #Discounts #Coupons #Deals: https://t.co/Z2iTA9DnV9",1.3113455709638902e+18
49,2020-09-30 16:41:56,JKalvi,"New Author Alert!  Dawne Basler wrote her first book. This book will challenge most of what you believe. Get your copy today at:

https://t.co/CAaHzTE1LX...

#Wednesday #WednesdayThoughts #WednesdayMotivation #Soverignty #God #Faith #Religion #Read #Amazon #Book #Writing #Writer https://t.co/vP2lVV0KPW",1.3113455448543478e+18
,date,screen_name,tweet,tweet_id
0,2020-09-30 16:34:05,SolarProud,Angel On Board wants to be read! https://t.co/V190HoUa1L - Wanna learn guardian angel training 101? #ANGEL  #amazon,1.3113435706542367e+18
1,2020-09-30 16:38:16,creativemm12,"&lt;Current Weather&gt;
Chicago
Temperature: 62.01°F/ Status: clouds
👉https://t.co/nEB9O9QjgP #amazon👈
💯👉Auto Follower👈💯
💯👉#自動相互フォロー👈💯

#followermachine
#Disney
#Equity
#Yankees
#followergenerator
#1000ADay
#TeamFollowBack
#TFW
#followerma",1.3113446250351165e+18
2,2020-09-30 16:35:14,CoolDealCA,"Air Fryer  #Deals!!

2 Quart - 

4.2 Quart - 

#freebies #deals #deal #moneysaver #greatdeal #steals #discount #sale #bargain #bargainhunter #cheap #bestprice #Amazon  #Deals #giveaway #Deal #ganga

 https://t.co/y326QPbPfF https://t.co/VMlV9rVF1Z",1.3113438600906465e+18
3,2020-09-30 16:33:58,books2believein,Rhode Island by the Numbers - Rhode Island Statistics and Numerology https://t.co/iWmLZdWLOg #RhodeIsland -is a notable book - #goodBook #KNOWLEDGE #amazon,1.3113435407907922e+18
4,2020-09-30 16:34:18,designissima1,1er octobre : journée mondiale du cacao #chocolat #Amazon @MaisonChocolat #chocolateday #jeudiphoto https://t.co/gWnsX11cpR,1.31134362479437e+18
5,2020-09-30 16:37:01,benjaminwthomas,"Interesting write up on #oracle - can they #compete with likes of #google #gcp #amazon #aws and #microsoft #azure on the #cloud front? I hope so - the more #competition the faster the #industry will #grow!

https://t.co/h56alazxzX",1.3113443075389809e+18
6,2020-09-30 16:38:20,zoudolf,"I’m an #Amazon customer, and I want @Amazon to give me a plastic-free packaging choice! I should not be forced to potentially pollute the oceans every time I place an order. @amazonhelp please note my file that I don’t want plastic packaging. #PlasticFreeAmazon",1.3113446401136804e+18
7,2020-09-30 16:35:12,OfertacularRL,"‼️MINI PRECIO‼️ 👁‍🗨 #Ofertacular #Amazon #chollo #oferta #ganga

⚫️ Placa de Pared de Hierro ""Prohibido fumar""

🛒: ➡️ https://t.co/RNIqBmSVQq ⬅️ https://t.co/yxX83y4lXM",1.311343853547516e+18
8,2020-09-30 16:38:22,the_hollidays,"No Review - 100% Rebate Items - #Rebate within 24 hours via #Paypal

https://t.co/tUU8nnGL98

#rebates #giveaway #contest #new #deals #save #ps5 #christmas #amazon #visa #refund #swag #health #healthy #healthnut #gym #gymrat #rt #love #me #share https://t.co/Oreg56XorV",1.3113446497228268e+18
9,2020-09-30 16:39:28,blogosum,"#Books to cut the #road: Dark Star Safari: Overland from Cairo to Capetown by Paul Theroux 

 https://t.co/E1kIu5OrAP

 #amazon #amazondeals #deals #travel #goodbook #reading #story #book #readbooks #favoritebooks #motivation #inspiration https://t.co/q15oMT0GNy",1.3113449256952914e+18
10,2020-09-30 16:37:52,amz_codes,"Check bio link, get upto $1000 Amazon Gift card
#amazongiftcard #amazon #giveaway #amazonfashion #amazonfinds #amazondeals #amazonprime #giftcard #giftcards #itunesgiftcard #amazonshopping #amazonfresh #giftcardgiveaway #amazonfree #amazonfreebies #amazonproduct #amazonreviewclub https://t.co/R4NaCmOKcR",1.311344522123604e+18
11,2020-09-30 16:37:30,BullishEnt,Shop recommended products from Bullish Entertainment LLC   on https://t.co/WhsIdb0WAo. Learn more about Bullish Entertainment LLC  's favorite products. https://t.co/SwNhy8PGTZ via @amazon #amazon #AmazonGoesGold,1.3113444306165842e+18
12,2020-09-30 16:36:58,rakten_kaden_,"10/01 01:36

東レ トレビーノ 浄水器 カセッティ交換用カートリ
【楽天】3278円
【Amazon】4480円

★楽天で購入すると★
 1202円 お得（お得率37％）

↓お得な情報を一覧で確認出来るサイト
https://t.co/kMQYxgL6Rh

#楽天市場 #Amazon #お得 #せどり https://t.co/Gx8BfBIQOO",1.3113442962183864e+18
13,2020-09-30 16:38:00,Haidji,"Book Quote:""God created teenagers so that parents ..."" Click on  https://t.co/W9swUY5BM2 #quoteoftheday #quotes #kindleunlimited #bookquotes #read #ebook #ku  #paperback #amazon  #inspiration #haidji #goodreads #books #read #reading #BookBoost #book https://t.co/Y3xeAUCELM",1.3113445553298964e+18
14,2020-09-30 16:38:18,KilgoreJenna90,Enter for a chance to #win a $50 #Amazon #giftcard and a #paperback from #USAT #bestselling #author @EvaPohler https://t.co/gHIE2qd38m,1.3113446307059139e+18
15,2020-09-30 16:36:04,INDIEBOOKSOURCE,"DROP BY HOWEVER YOU CAN!
IT'S TIME TO VISIT INDIE BOOK SOURCE
LINK:  https://t.co/VCaDtarBBT
YOUR INTERNET BOOKSTORE SOLUTION
#Books #IARTG #Kindle #Amazon #ReadIndie #indieauthors #bookboost
 #Authors  @jonathanmeyer_  @drCarolSoloway1 @JessSFrankel @TheresaSnyder19 https://t.co/t4PnzJw8Ta",1.3113440680861082e+18
16,2020-09-30 16:37:48,BuyAazom,"Tree Hut Shea Sugar Scrub Tropical Mango, 18oz, Ultra Hydrating and Exfoliating Scrub for Nourishing Essential Body Care.
More info click here - https://t.co/REaZRjvrdB
#amazon @amazon @AmazonHelp @amazonmusic https://t.co/7gbEnMiPMy",1.3113445042013798e+18
17,2020-09-30 16:36:17,jzebraa,"The massive #BillionDollarBudget #LordOfTheRingsSeries from #Amazon has resumed #filming in #NewZealand, it's been confirmed. &lt;3 @jzebraa https://t.co/QQdAtZzfON https://t.co/BiUHkdgPwI",1.31134412297685e+18
18,2020-09-30 16:34:29,books2believein,Take the time to get to know: Profitable Book #Publishing - https://t.co/b4RvatO5cz - #worthwhile #amazon,1.311343672450003e+18
19,2020-09-30 16:33:53,books2believein,Read great books like Spirit Mound - Unsolved American History Mystery https://t.co/ICmhqUaXaF #UFO #amazon,1.31134351843942e+18
20,2020-09-30 16:39:44,owifowav,Amazonで結構な人気の腕時計CASIO A158WA-1JFを買ってみた　unboxing https://t.co/hzQJ2q3iAj #casio #watch #amazon #unboxing,1.3113449931020452e+18
21,2020-09-30 16:37:05,Organiyas,"2 BOTTLES FAT AND CARB BLOCKER WITH PHASEOLUS VULGARIS (WHITE KIDNEY BEAN EXTRACT) CHITOSAN EXTREME DIET PILLS WEIGHT…
Price: $21.77
https://t.co/rHyJWSXnJw
#carbblocker #bottle #organiyas #bestquality #weightloose #weightloss #dietfood #BestSale #amazon #Onlineshopping https://t.co/A9td8gpLft",1.311344327587754e+18
22,2020-09-30 16:39:57,makikun4649,宝くじ入れ 通帳ケース 通帳 入れ 桐箱 小箱 収納 ケース 金運 宝船 日本製 (ワイドサイズ) https://t.co/wHNS692srZ #Amazon,1.311345046218662e+18
23,2020-09-30 16:35:11,kana_ogawa,"【ヒップホップDVD】ベスト10
女の子のためのヒップホップダンス~劇的レベルアップ!マル秘テクニック大公開!~ [DVD]
https://t.co/lUsStEYOuQ #Amazon",1.3113438470377554e+18
24,2020-09-30 16:36:07,Bklyn_Nurse,"#amazon, stop this now! https://t.co/b19jyiN6cZ",1.3113440834960425e+18
25,2020-09-30 16:35:16,kana_ogawa,"【ヒップホップDVD】ベスト10
洋楽 ヒップホップ Hip Hop ウェッサイ DVD フルPV ベスト West Classics Premium Best ウェッサイ黄金期の名曲MVを完全再構築
https://t.co/juig0oZsiP #Amazon",1.3113438688775004e+18
26,2020-09-30 16:36:17,ky51h217,"#Thayers #セイヤーズ #Amazon

アメリカ住んでる友達におすすめされてからずっとこれ使ってる❤︎
日本ではなかなか見かけないからAmazonで買えてよかった🥺💕 現地で買うよりはお値段はってしまうけどつぎいついけるかわかんないしな、、😭

https://t.co/J45Qrgkz7V",1.3113441258919363e+18
27,2020-09-30 16:35:03,cmiller237,Amazon has announced the dates for Prime Day 2020 https://t.co/6sXl9jgL6a #Covid19 #Amazon,1.3113438137267446e+18
28,2020-09-30 16:36:00,chrismcauthor,"#action #adventure #Amazon With American forces tied up more and more half a world away, Beijing eyes what they consider to be theirs by right. #Taiwan must hold out against overwhelming force, while praying help will come. https://t.co/opCoOn5sfu https://t.co/bg5uE7s3Ld",1.311344051971674e+18
29,2020-09-30 16:35:32,kana_ogawa,"【ヒップホップDVD】ベスト10
HAVE A BLAST -Japanese HipHop Edition- mixed by DJ CHIN-NEN [DVD]
https://t.co/5bKUSELGUt #Amazon",1.311343935072084e+18
30,2020-09-30 16:39:50,Sunil41913564,"#OnePlus8T5GAmazonQuiz 
#Amazon
@amazonIN https://t.co/fq4e1ZuCxl",1.311345016296538e+18
31,2020-09-30 16:35:06,kana_ogawa,"【ヒップホップDVD】ベスト10
【e-BMS限定】 2018 New Best Hits Best - DJ Beat Controls 【4枚組】
https://t.co/eGrbeuJXic #Amazon",1.311343825055486e+18
32,2020-09-30 16:36:08,bmurphypointman,#twitter #facebook #instagram #linkedin #socialmedia #pinterest #medium #amazon  Check my website for my top recommended business tools and programs https://t.co/wxtn8dIAjM,1.3113440853918106e+18
33,2020-09-30 16:35:17,AmazonReviewES,"Sandwitch time⁣
⁣
Aquí van los chollacos: 🤘 --&gt; https://t.co/jh4usbbGa3⁣
#chollos #amazon #rebajas #gangas #barato #otoño #autumn #winterIsComming #cool #bufanda https://t.co/rheZnc51F0",1.3113438717508035e+18
34,2020-09-30 16:34:37,books2believein,Read great books like #Angel On Board - Real Life Stories - https://t.co/1JaX7crPWP #amazon,1.3113437041967555e+18
35,2020-09-30 16:35:17,GratisCasi,"⁠ MINI PRECIO #Amazon

Placa de Pared de Hierro ""Prohibido fumar""

AHORA 4.49€
Envío gratuito

: https://t.co/TSgYKRZsX0

Más chollos en OFERTACULAR
https://t.co/1aLHIgE0D3 https://t.co/lon6Xu6jn4",1.3113438706267464e+18
36,2020-09-30 16:36:41,makikun4649,木箱 付き 茶帯 100万円札束 ダミー 百万円 帯 札束 ドッキリ 父の日 プレゼント ジョークグッズ 百万円札 レプリカ 宝くじ... https://t.co/WyOYK6mZXb #Amazon,1.3113442250116874e+18
37,2020-09-30 16:35:48,kana_ogawa,"【ヒップホップDVD】ベスト10
BTS WORLD TOUR 'LOVE YOURSELF' ～JAPAN EDITION～(通常盤)[DVD]
https://t.co/7DsBcZ08ST #Amazon",1.311344001908314e+18
38,2020-09-30 16:35:13,CoolDealCA,"Perfect home office addition 🏠

AstroAI Mini Fridge for $44.99!!

#freebies #deals #deal #moneysaver #greatdeal #steals #discount #sale #bargain #bargainhunter #cheap #bestprice #Amazon  #Deals #giveaway #Deal #ganga

 https://t.co/96Z5VAOnBM https://t.co/aU5wgrN763",1.311343857423061e+18
39,2020-09-30 16:36:11,bmurphypointman,#twitter #facebook #instagram #linkedin #socialmedia #pinterest #medium #amazon Check my website for my top recommended business tools and programs https://t.co/VYBItQosg8 https://t.co/IjhcUyNknA,1.3113440997322056e+18
40,2020-09-30 16:35:00,kana_ogawa,"【ヒップホップDVD】ベスト10
洋楽DVD ヒップホップ 3枚組 ALLフルPV HIP HOP 30 YEARS 1990-2019 PREMIUM - PERFECT DJS 3DVD 国内盤 超最新から過去30年間の感動の大名作までを完全収録
https://t.co/KO2jc4fY6G #Amazon",1.3113438030102282e+18
41,2020-09-30 16:34:22,SolarProud,"""That's not necessarily because none of us really liked each other, it is mostly because all of us siblings were so very different."" https://t.co/e9lpkv2Fyl #amazon (Excerpt 8/601 How to Divorce Your Siblings: practical tools for winning at family dynamics) #dysfunction #family",1.31134364052301e+18
42,2020-09-30 16:35:27,kana_ogawa,"【ヒップホップDVD】ベスト10
ダンスはじめました。~子どもも大人もやってみよう!基礎からわかるHip Hop!~ レッスンDVD
https://t.co/sRrwa7Kw6A #Amazon",1.3113439131526513e+18
43,2020-09-30 16:36:25,lalsace,#Colmar : les opposants à l'implantation d'#Amazon mettent la pression au préfet - https://t.co/1QGsY7Rub1 https://t.co/cTwJDkAZRH,1.3113441577352356e+18
44,2020-09-30 16:37:41,hispachollos,"🌀 Modohe Tapas de Silicona Elásticas, 14 Tapas Silicona Ajustables Cocina, Reutilizable Fundas Protectoras para Alimentos Tapa Tazas, Boles o Tarros,Tapa del tazón, Lavavajillas, Microonda, Sin BPA. #Amazon 🇪🇸

🕘 PRECIO FLASH: 7,19€
 ...
https://t.co/01FAjn4sko
#chollo",1.3113444775970324e+18
45,2020-09-30 16:35:21,kana_ogawa,"【ヒップホップDVD】ベスト10
DVD付き 1時間でカッコよく踊れる ヒップホップダンス 基礎編
https://t.co/X29YUiWt6g #Amazon",1.3113438908262932e+18
46,2020-09-30 16:38:14,naturalhealthbl,"Aduna Organic Fonio Super-Grain 

BUY NOW FROM AMAZON AT:

https://t.co/0SfbmEsM2t

#Organic #African #Plantbased #Superfoods #Vegan #Health #Food #Diet #Nutrition #Cooking #Amazon https://t.co/bJqkbkudUq",1.311344614725636e+18
47,2020-09-30 16:39:15,GraphicPro4u,"If you are an #Amazon #seller,

Professional photo editing services which are the key elements of boosting the sale of ONLINE BUSINESS as like #Amazon, #eBay, #Shopify, #ecommerce, #Walmart Etc. A properly edited photo or image can easily catch the ATTRACTION OF A #CUSTOMER. https://t.co/qrG10NlVkn",1.311344869441327e+18
48,2020-09-30 16:35:42,kana_ogawa,"【ヒップホップDVD】ベスト10
ゼロからはじめるヒップホップダンス【DVD付き】
https://t.co/EwIUnApT3Y #Amazon",1.3113439793470996e+18
49,2020-09-30 16:35:37,kana_ogawa,"【ヒップホップDVD】ベスト10
技ステップ振付もコツや基本を動画でレッスン★初心者ダンサーやキッズでも「hiphop dance」の踊り方が簡単27日間ヒップホップダンス上達プログラムDVD特典ムーンウォークとブレイクダンス
https://t.co/aOmlOMKR1D #Amazon",1.3113439573311734e+18
,date,screen_name,tweet,tweet_id
0,2020-09-30 16:30:16,yuki_nagase,"【ヘヴィーメタルDVD】ベスト10
S&amp;M2
https://t.co/MhukEEnWcv #Amazon",1.3113426110771077e+18
1,2020-09-30 16:30:10,cshell202,Love Fantasy &amp; SciFi? #Win a $100 #Amazon #GiftCard in this month's mega #BookBub #Giveaway via @ sffbookbonanza: https://t.co/kIeGU4oxMm,1.311342586410328e+18
2,2020-09-30 16:30:59,tmsl_info,"[アシックス] ランニングシューズ JOG 100 2 メンズ | ランニング ...
価格: ￥3,278 - ￥5,390
https://t.co/4oaOb8EQFL
#Amazon #タイムセール",1.311342789989286e+18
3,2020-09-30 16:30:11,yuki_nagase,"【ヘヴィーメタルDVD】ベスト10
トゥー・ナイツ・トゥ・リメンバー【Blu-ray】
https://t.co/P7mRsK4BWe #Amazon",1.3113425891786015e+18
4,2020-09-30 16:30:03,amazon_rankinQ,"【ヘッドホンアンプ】
EarStudio ES100 MK2 24bitポータブル高解像度Bluetoothレシーバ/ヘッドフォンアンプ/DA...
￥10,980
https://t.co/upK6MSWV2z
#amazon",1.3113425542148506e+18
5,2020-09-30 16:32:39,XperienceDope,"Blasting Lil Tecca - Idk right now on Pretty Dope Xperience Radio aka #BlackPandora

listen now and catch a wave!! https://t.co/VqKFopeoex  #nowplaying #np #RT  #NowStreaming #Streema Download Now #Alexa #GooglePlay #iOSAppStore #Amazon #",1.311343211533738e+18
6,2020-09-30 16:32:37,cholloaliexpres,"ENVÍO DESDE ESPAÑA❗️🔸#Amazon
📣 INPHIC Combo de Teclado y ratón inalámbrico Bluetooth Ultra-Delgado

⛔️ PVP: 29,99€
✅ PRECIO OFERTA: 16,50€
✂️ CUPÓN: GSC783VW   

⤵️ Link de compra
🌐 https://t.co/iC1cVYg7rb https://t.co/zvYHxT2b3i",1.311343202549592e+18
7,2020-09-30 16:31:02,Yo_Dragon_,"#KindleUnlimited #amazon Purgatorio- Alberto Val Calvo 

«Proclamáis vuestra inocencia, pero no sois capaces de demostrarla. Ahora tendréis vuestra oportunidad ante otro tribunal tan duro, pero también igual de justo: ¡la audiencia!» @yoleoNovela 

https://t.co/edGkSZPJmQ https://t.co/lKCob4SXkc",1.3113428025094062e+18
8,2020-09-30 16:31:23,iMoGalore,"100 Books to read in a lifetime #Amazon
https://t.co/1nBefttnHV",1.3113428925107855e+18
9,2020-09-30 16:30:00,AlphaRepricer,"Alpha Repricer cheapest repricer for Amazon India.

https://t.co/Cu3pvzCEq9

#Amazon #AmazonRepricer #AlphaRepricer #amazonindia #sellersofAmazon #fba #India #fbasellers #Mumbai #NewDelhi #Delhi #Chennai #Pune #Hyderabad #Bangalore https://t.co/PcyBhY30m7",1.3113425445260083e+18
10,2020-09-30 16:30:33,CoolDealCA,"💲💰
Running Girl Women's Tummy Con...
Reduced from $19 to $9
Coupon code: PEEA76IF

# #Deals #new #Deals #savings #Amazon  #Deal #ganga

 https://t.co/hZDh0QNz6L https://t.co/1qg6aQCVcs",1.311342683424686e+18
11,2020-09-30 16:30:28,ecomdash,"What is an Amazon ASIN? We explain the importance of an ASIN and how to use it/ when to use it so you can sell on Amazon with ease. https://t.co/BrRjV1NOTR
#ecommerce #ecomdash #ecommercetips #amazon https://t.co/8GU3ocppuF",1.3113426601127854e+18
12,2020-09-30 16:30:42,creativemm12,"#シモジマ(shimojima) の ヘイコー 食品袋 PP 食パン袋 1斤用L Eタイプ 100枚入り 006721412
https://t.co/RrEaxUd61D
#f4f
#onlineseller
#amazon
#Equity
#Ousmane #Dembele
#香港天文台",1.3113427179018322e+18
13,2020-09-30 16:31:19,makikun4649,【100枚入】お札・札束用袋 紙幣が100枚入る透明現金封筒！CPP袋の破れにくいタイプ https://t.co/OMRl5ho6LB #Amazon,1.3113428728057815e+18
14,2020-09-30 16:30:37,yuki_nagase,"【ヘヴィーメタルDVD】ベスト10
PUレザー 手帳型 ケース 対応 アイフォン iPhone XR 手帳型ケース 本革 防指紋 財布 カバー収納
https://t.co/5Vg6o4ifsY #Amazon",1.3113426990400512e+18
15,2020-09-30 16:30:21,codigos_solo,"✂️Código en Depiladora láser con luz pulsada IPL con 5 niveles de energía
https://t.co/kzSKneyGVG

 #codigos #cupones #chollos #aliexpress #banggood #ofertas #telegram #amazon #offers #gearbest #ebay
ℹ️ Ver código ⤵️",1.3113426318557184e+18
16,2020-09-30 16:31:14,OnlyGearBest,"🌟 [𝗢𝗻𝗹𝘆 𝗚𝗲𝗮𝗿𝗯𝗲𝘀𝘁] 🌟

🔊 Desconocido Magefesa Black Sartén freidora, Acero Vitrificado, Negro, 26 cm #amazon

🌍 Enlace: https://t.co/ftx2VRJ7vB

Te esperamos en telegram: https://t.co/mPaN5u2fFj https://t.co/EIOCNHZFIf",1.311342851498877e+18
17,2020-09-30 16:30:28,TheInStockRoom,"***New Deal***
Running Girl Women's Tummy Con...
Reduced from $19 to $9
Coupon code: PEEA76IF
https://t.co/p2FX2QoL1E
#Deals #newDeals #savings #Amazon https://t.co/bsEFmDnvnq",1.3113426585399255e+18
18,2020-09-30 16:33:05,books2believein,Finding Your Soul Mate https://t.co/7oqIt4UQ7z Book to help find a great life-partner https://t.co/tRGR4suKSQ  #Attraction - Literally learn about the LAW OF ATTRACTION!!! -is a delightful read - #ReadMe #AWESOME #amazon,1.3113433173644657e+18
19,2020-09-30 16:30:38,DCRAInc,"#TodayInHistory 𝗦𝗲𝗽𝘁𝗲𝗺𝗯𝗲𝗿 𝟯𝟬, 𝟮𝟬𝟭𝟰: #Amazon filed for a patent for a UAV (𝘂𝗻𝗺𝗮𝗻𝗻𝗲𝗱 𝗮𝗲𝗿𝗶𝗮𝗹 𝘃𝗲𝗵𝗶𝗰𝗹𝗲) configured to autonomously deliver items to customers. The patent was related to Amazon's plan for their #Prime Air service.📦 #historyfacts https://t.co/asqoJLXkDg",1.3113427007136522e+18
20,2020-09-30 16:30:00,ETPanache,"The US technology giant said it would be installing the system at its Amazon Go retail locations.

#Amazon #Payments #ContactlessPayment #Covid19 https://t.co/MM8QauT0dN",1.311342544039551e+18
21,2020-09-30 16:31:38,MoGalore,"New &amp; Notable in Kindle Unlimited on #Amazon
https://t.co/4nF0kxya1t",1.3113429531939308e+18
22,2020-09-30 16:31:57,rakten_kaden_,"10/01 01:31

【正規品 送料無料 あす楽 海外対応】クレイツイオ
【楽天】5980円
【Amazon】6061円

★楽天で購入すると★
 81円 お得（お得率1％）

↓お得な情報を一覧で確認出来るサイト
https://t.co/kMQYxgL6Rh

#楽天市場 #Amazon #お得 #せどり https://t.co/cEu5qZtShC",1.3113430349366968e+18
23,2020-09-30 16:31:35,TopBestSellers1,"Westinghouse ePX3000  Electric Pressure Washer | amazon https://t.co/XQdxqUmlbR via @YouTube 
#amazon #westinghouse #pressurewasher #ACwasher #bestgadgets",1.3113429429263114e+18
24,2020-09-30 16:33:11,books2believein,What if your guardian angels are watching out for you right now!?!  https://t.co/jTgxAvEXi5 #Life and death - through an angel's eyes    #amazon,1.311343344207962e+18
25,2020-09-30 16:30:17,bmurphypointman,#twitter #facebook #instagram #socialmedia #amazon #amazonprime #prime Need to make money? Save money while shopping? Get discounts on travel? Check out my website https://t.co/vBHLD11zwQ,1.3113426127046205e+18
26,2020-09-30 16:30:21,yuki_nagase,"【ヘヴィーメタルDVD】ベスト10
予襲復讐
https://t.co/NrMzRyAFWv #Amazon",1.3113426328748646e+18
27,2020-11-10 19:27:48,amazon,"Shanika, a leader with the Amazon Future Engineer program, fights for equal access to STEM education. She's committed to providing quality, hands-on learning for all students, no matter their zip code or skin color.",1.3262451923539968e+18
28,2020-09-30 16:30:05,NPHaleyBooks,"#Books #Amazon #KindleUnlimited 
Almost October! Time for some spooky ghost adventures! https://t.co/NbE6uf4Cft",1.3113425653970903e+18
29,2020-09-30 16:31:15,reinadellowcost,"🌟 [𝗟𝗮 𝗿𝗲𝗶𝗻𝗮 𝗱𝗲𝗹 𝗟𝗼𝘄𝗰𝗼𝘀𝘁] 🌟

🔊 Desconocido Magefesa Black Sartén freidora, Acero Vitrificado, Negro, 26 cm #amazon

🌍 Enlace: https://t.co/zIA5f9cjUS

Te esperamos en telegram: https://t.co/Jxndx9pJCJ https://t.co/OtSVZg2Rea",1.3113428556093563e+18
30,2020-09-30 16:32:44,TimSamko,@jasonrantz Happy they are moving. #Amazon should follow.,1.3113432315825684e+18
31,2020-09-30 16:33:13,INTsushinsha,"高齢者が住み慣れた地域で暮らしつづけるには、「自助」だけではどうにもならず、地域住民が助け合い、協力し合う「互助」が不可欠だ。
『理想の介護を求めて―地域と介護を結ぶエフビー介護サービスの挑戦』
 https://t.co/oM4zH9DF9O #Kindle #amazon",1.311343353032708e+18
32,2020-09-30 16:30:24,CoolDealCA,"Best Selling App Controlled WiFi LED Light Bulb 2-Pack for $14.99!!

#freebies #deals #deal #moneysaver #greatdeal #steals #discount #sale #bargain #bargainhunter #bargainshopper #cheap #bestprice #Amazon  #Deals #giveaway #Deal #ganga

 https://t.co/08JYFPl7eG https://t.co/ATGFHzlfwc",1.311342645336322e+18
33,2020-09-30 16:31:15,MenudoPaquete,"🌟 [𝗠𝗲𝗻𝘂𝗱𝗼 𝗣𝗮𝗾𝘂𝗲𝘁𝗲] 🌟

🔊 Desconocido Magefesa Black Sartén freidora, Acero Vitrificado, Negro, 26 cm #amazon

🌍 Enlace: https://t.co/fwl13ynwJR

Te esperamos en telegram: https://t.co/IbEojfZpa4 https://t.co/iXUDSbSFC9",1.311342859560407e+18
34,2020-09-30 16:32:36,zocoregalos,"ENVÍO DESDE ESPAÑA❗️🔸#Amazon
📣 INPHIC Combo de Teclado y ratón inalámbrico Bluetooth Ultra-Delgado

⛔️ PVP: 29,99€
✅ PRECIO OFERTA: 16,50€
✂️ CUPÓN: GSC783VW   

⤵️ Link de compra
🌐 https://t.co/sNA3LURMxl https://t.co/Z86FeZj1sn",1.3113431991270564e+18
35,2020-09-30 16:33:45,books2believein,Read great books like Tennessee by the Numbers - Tennessee Statistics and Numerology https://t.co/Oowf2bGqcH #Tennessee #amazon,1.3113434882697912e+18
36,2020-09-30 16:30:27,yuki_nagase,"【ヘヴィーメタルDVD】ベスト10
S&amp;M2 [DVD+CD]
https://t.co/nlNXEMyU3F #Amazon",1.311342654815314e+18
37,2020-09-30 16:31:04,CoolDealCA,"💲💰
NUK Orthodontic Pacifiers, 0-6...
Reduced from $9.99 to $3.97

# #Deals #new #Deals #Amazon  #Deal #ganga

 https://t.co/t3Ttw43ZsV https://t.co/YJ1qhqdnZt",1.3113428127812567e+18
38,2020-09-30 16:30:18,buybooks_amazon,#BestBooks #Amazon : THE ROAD TO LITTLE DRIBBLING: ADVENTURES OF AN AMERICAN IN BRITAIN --&gt; https://t.co/2fxHtuUgRu,1.311342618488443e+18
39,2020-09-30 16:30:00,kuriharan,"Check it. #Amazon confirms Prime Day is a go for mid-October, and the event is expected to bring in even more Prime members https://t.co/1ijkPg1vQB via @businessinsider #tech #digital #data #business https://t.co/YQDeyam4lp",1.3113425419842642e+18
40,2020-09-30 16:30:58,TheInStockRoom,"***New Deal***
NUK Orthodontic Pacifiers, 0-6...
Reduced from $9.99 to $3.97
https://t.co/KkF99zGcO5
#Deals #newDeals #Amazon https://t.co/evrgjHiwFF",1.3113427882698138e+18
41,2020-09-30 16:30:32,yuki_nagase,"【ヘヴィーメタルDVD】ベスト10
METAL GALAXY (初回生産限定盤 Japan Complete Edition) (DVD 付)
https://t.co/F9k6ltMBks #Amazon",1.3113426770366874e+18
42,2020-09-30 16:31:56,domadomad,(PS3)アーマード・コア5 ARMORED CORE V 【特典付き】 予約受付中！ https://t.co/HkGmHm0WT8　　#AC #PS3 #xbox #videogame #followmejp #amazon,1.3113430290059018e+18
43,2020-09-30 16:30:47,programarfacilc,"Recrea un replica casera de #Cortana de #Microsoft, #Siri de #Apple o #Google #Now. Es posible que no suene como un #altavoz ni podrás usar #APPS como #Pandora o #Spotify pero con #RaspberryPi crearas tu #asistente #virtual #Alexa con #Amazon de aliado. https://t.co/oDMOnQzk6W https://t.co/8DxQm2GSPn",1.3113427416794112e+18
44,2020-09-30 16:30:06,yuki_nagase,"【ヘヴィーメタルDVD】ベスト10
S&amp;M2 2CD / DVD
https://t.co/p3ndcubung #Amazon",1.3113425673136497e+18
45,2020-09-30 16:30:00,yuki_nagase,"【ヘヴィーメタルDVD】ベスト10
Angels In The Dark
https://t.co/lSb4sFvxYA #Amazon",1.3113425451929805e+18
46,2020-09-30 16:30:48,yuki_nagase,"【ヘヴィーメタルDVD】ベスト10
S&amp;M2 [Blu-ray]
https://t.co/l7w1hONSR9 #Amazon",1.3113427428872315e+18
47,2020-09-30 16:32:38,carlinchi82,"ENVÍO DESDE ESPAÑA❗️🔸#Amazon
📣 INPHIC Combo de Teclado y ratón inalámbrico Bluetooth Ultra-Delgado

⛔️ PVP: 29,99€
✅ PRECIO OFERTA: 16,50€
✂️ CUPÓN: GSC783VW   

⤵️ Link de compra
🌐 https://t.co/agX8HjQHUh https://t.co/Jir88gtZVk",1.3113432058840883e+18
48,2020-09-30 16:30:42,yuki_nagase,"【ヘヴィーメタルDVD】ベスト10
S&amp;M2 (Deluxe Box) [Analog]
https://t.co/eFTVMr9T1q #Amazon",1.3113427209343222e+18
49,2020-09-30 16:33:18,books2believein,Belated Valentine - life-affirming true story about #COINCIDENCES - that just couldn't really be coincidences ---&gt; https://t.co/qdxUX1jkrm ANGELS #amazon #NotACoincidence BTW...,1.3113433723475476e+18
,date,screen_name,tweet,tweet_id
0,2020-09-30 16:28:00,Haidji,"Book Quote: ""Some days the world is no more or less..."" Click on  https://t.co/r3D5MDbhH2 #quoteoftheday #quotes #kindleunlimited #amazonbooks #amazon   #inspiration #haidji   #goodreads #books #read #reading #bookblogger #book https://t.co/NAXgQpoxyR",1.3113420386594734e+18
1,2020-09-30 16:28:29,iFindGems,"Halloween Gems (Part 1) 

#Halloween #OnlineFinds #Amazon #AmazonFinds #iFindGems #halloweeniscoming #Halloween2020 #halloweendecor https://t.co/DY9saeohPL",1.3113421621271552e+18
2,2020-09-30 16:30:00,Haidji,"Book Quote: ""Some days the world is no more or less..."" Click on  https://t.co/r3D5MDbhH2 #quoteoftheday #quotes #kindleunlimited #bookquotes #read #ebook #ku  #paperback #amazon  #inspiration #haidji #goodreads #books #read #reading #BookBoost #book https://t.co/d5RxcLetgl",1.311342541917184e+18
3,2020-09-30 16:23:51,hispachollos,"🌀 Xoro HRS 8660 Negro - Receptor AV (75 Ω, Alámbrico, MP3, AVC,AVI,MKV,MP4,MPG,TS, BMP,JPG, DVB-S2). #Amazon 🇪🇸

🔘 Como nuevo!!!

💶 Precio oferta: 41,62€ 💥

♻️ Reacondicionado: 11,27€

💳 Enlace: https://t.co/QWML3fv3B6

✨ 30 días gra ...
https://t.co/YTLzoNC2wN
#chollo",1.3113409934557594e+18
4,2020-09-30 16:24:00,Haidji,"Book Quote: ""They were like two parts of the same ..."" Click on  https://t.co/pXIX2M4HX7 #fairytale #quoteoftheday #quotes #kindleunlimited #bookquotes #read #ebook #ku  #paperback #amazon  #inspiration #haidji #goodreads #books #read #reading #BookBoost #book https://t.co/A586RsAdx5",1.3113410320602112e+18
5,2020-09-30 16:29:46,_mis_ter_e_,"Make #Superman LEGO portraits !!!

#dccomics #HenryCavill #christopherreeve #benaffleck #dcfandome #JusticeLeague #JusticeLeagueSnyderCut #JusticeLeagueTheSnyderCut #amazon #kindle #kindlebooks #kindleunlimited #batman
https://t.co/x9oMoi2N7y",1.3113424851935355e+18
6,2020-09-30 16:23:59,elsuperchollo,"Yo ❤ esta oferta #Amazon 

Roxy - Swim The Sea - Bañador Entero para Mujer ERJX103229 

Al rico chollo oiga❗❗ 65% 

💵 Precio desde 29,97 EUR (Amazon Prime)

🔰 Enlace: https://t.co/pU4HIQkb3m 

🌐 https://t.co/QB0s4e0pBp https://t.co/JWbXfdp0rf",1.311341028222423e+18
7,2020-09-30 16:29:46,Harald_Brauer,"Ask natural language questions, get immediate answers and bring all of your data together in a few clicks: #Amazon #Kendra is a highly accurate and easy to use enterprise search service powered by #machine #learning. https://t.co/3WAg1SrIks #AWS #ML https://t.co/Rdl6n2xhzJ",1.311342485285884e+18
8,2020-09-30 16:23:07,elsuperchollo,"A por ello 🏃 #Amazon 

Roxy - Scuba Cloud B - Pantalón de Yoga para Mujer ERJFB03211 

💰 Rebajado al 44% 

💵 Precio desde 27,88 EUR

🔰 Enlace: https://t.co/e3A9uzjxB9 

🌐 https://t.co/NZrVpt2Imw https://t.co/FZgxqzdS6H",1.311340811812995e+18
9,2020-09-30 16:25:10,CoolDealCA,"Compact HEPA Air Purifier for $47.19!!

#freebies #deals #deal #moneysaver #greatdeal #steals #discount #sale #bargain #bargainhunter #bargainshopper #cheap #bestprice #Amazon  #Deals #giveaway #Deal #ganga

 https://t.co/L3gXnTHhru https://t.co/HIEJkCPi9O",1.311341328488452e+18
10,2020-09-30 16:27:00,Haidji,"“…put them under KNIVES and DIETS, without to realize the BEAUTY of their own beings.” Click on https://t.co/Jv4IfW8cgV   #quoteoftheday #quotes #kindleunlimited #bookquotes #read #ebook #ku #paperback #amazon  #inspiration #haidji #goodreads #books #read #reading #Bookworm https://t.co/cXP4fs3E4I",1.3113417870683382e+18
11,2020-09-30 16:29:55,chollosyoferta,"#Chollo #Amazon 59% DESCUENTO RAINBOW COLOURS  Alfombra Gigante para Piano de Colores de Arco Iris de 6 pies (RW30047)

Precio original: 47,17
Precio oferta: 37,95
Reacondicionado: 19,25

    👇👇👇👇👇👇👇
👉 https://t.co/XNsvQOT8J9 https://t.co/CMaS5oQXpJ",1.3113425201824195e+18
12,2020-09-30 16:26:57,rakten_kaden_,"10/01 01:26

ヤーマン　洗顔器　ミーゼ　クレンズリフト　ローズ　
【楽天】14850円
【Amazon】16500円

★楽天で購入すると★
 1650円 お得（お得率11％）

↓お得な情報を一覧で確認出来るサイト
https://t.co/kMQYxgL6Rh

#楽天市場 #Amazon #お得 #せどり https://t.co/OOOSIgnAkO",1.3113417740449792e+18
13,2020-09-30 16:21:59,TodesPAIN,Habe gerade meiner #Alexa gesagt sie soll zwei Timer stellen. Sie fragte ob ich dem Zweiten einen Namen geben will. Habe ihn Klaus genannt. #Echo #AmazonEcho #Amazon,1.3113405270869524e+18
14,2020-09-30 16:28:29,DeMaioToni,Friends in High Places https://t.co/PSiG9Ono0g #Amazon,1.311342159971451e+18
15,2020-09-30 16:25:38,techbiason,"boAt BassHeads 100 in-Ear Wired Earphones with Super Extra Bass, in-line Mic, at just 398 INR, Buy now @ https://t.co/gpZBPSem7b

#twitterblades #Amazon #AmazonGoesGold #AmazonDeals #AmazonPrimeDay #Deals #DealoftheDay #deal #affiliates",1.311341445412864e+18
16,2020-09-30 16:28:10,DeMaioToni,My Heart's Secret Desire: Book Three of the Heart Trilogy https://t.co/lFhs2lCJ7Y #Amazon,1.3113420810891715e+18
17,2020-09-30 16:27:20,hispachollos,"🌀 Pistola de masaje, pistola de masaje muscular de mano con 6 cabezales masajeadores, 5 velocidades, cancelación de ruido, pantalla táctil indicador LED, dispositivo de masaje de alivio muscular. #Amazon 🇪🇸

🕘 PRECIO FLASH: 59,49€

💶 ...
https://t.co/qjrSOqUUOR
#chollo",1.3113418701702226e+18
18,2020-09-30 16:29:24,yoshi_maezumi,"Our Latest Research on the history of human land use in South America @LASTJOURNEY5 @jonasgdes  https://t.co/nZIL0RFUCk
#Amazon #Landuse #HumanInfluence #Origins #Cultivation  #FoodProduction #SouthAmerica https://t.co/MRXzGnWnCe",1.3113423902385644e+18
19,2020-09-30 16:24:55,grupolifeinvest,"#InfografíaLifeInvest: Desglose de ingresos de #Amazon. La tecnológica sorprende con sus nuevos productos, como #AmazonOne, un sistema biométrico que te permitirá pagar con la palma de tu mano. Alegan que las palmas son únicas, permitiendo identificar una cuenta por usuario. https://t.co/iFnh8xOAkN",1.311341263803777e+18
20,2020-09-30 16:26:49,DeMaioToni,My Heart Will Find You: Book One in the Heart Series https://t.co/sBAyuGhXk9 #Amazon,1.3113417420215788e+18
21,2020-09-30 16:20:49,BullishEnt,https://t.co/WhsIdb0WAo New Releases: The best-selling new &amp; future releases on Amazon https://t.co/JonYnVa3Ur via @amazon #amazon,1.3113402326678118e+18
22,2020-09-30 16:23:37,Charlie_Cawood,"Little Mix - Hair #bigtimeradio https://t.co/N76xPoatRr @Charlie_Cawood @BigTimeRadio1 @bigtime_news
 on #Amazon Echo &amp; App https://t.co/c7cZfm4MQo  #Top40 #Music 247 #Worldwide 3 #Radio #Stations 43 #Countries #Interviews #Billboard https://t.co/JiPHr6jZyC  #SUBMI",1.3113409346642002e+18
23,2020-09-30 16:28:30,XperienceDope,"Blasting Gang Starr - Who Got Gunz (feat. Fat Joe And MOP) right now on Pretty Dope Xperience Radio aka #BlackPandora

listen now and catch a wave!! https://t.co/VqKFopeoex  #nowplaying #np #RT  #NowStreaming #Streema Download Now #Alexa #GooglePlay #iOSAppStore #Amazon #",1.3113421650885222e+18
24,2020-09-30 16:21:56,rakten_kaden_,"10/01 01:21

フィリップス　PHILIPS　メンズシェーバー「シ
【楽天】15363円
【Amazon】16845円

★楽天で購入すると★
 1482円 お得（お得率10％）

↓お得な情報を一覧で確認出来るサイト
https://t.co/kMQYxgL6Rh

#楽天市場 #Amazon #お得 #せどり https://t.co/G48Bl2AbgU",1.3113405127967498e+18
25,2020-09-30 16:23:54,AngelsTrading,$LFER .0299 #beverage company selling products on #amazon and #Walmart Join our elite group #free of charge https://t.co/e2lqF3EOAM… #stocks #StockMarket #COVID19  #Pennystocks $ENZC $VRUS $SPI $DGTW $CHNC $AAGC $AABB $OZSC $ENZC $GTLL $GLCO $ABCE $ALYI $LEAS $GTEH $JPEX https://t.co/BSfAPrzrHP,1.3113410079513518e+18
26,2020-09-30 16:29:17,ykswld,エレコム ウェットティッシュ/除菌/70...今売れています！https://t.co/Et3EBc9TbH #follow #sougo #Amazon #アマゾン,1.3113423646199276e+18
27,2020-09-30 16:22:00,Haidji,"“Where different worlds touch each other arises a new world. Inside this..."" #books click on https://t.co/Tz5cM6BIBW  #quoteoftheday #quotes #kindleunlimited #bookquotes #read #ebook #ku  #paperback #amazon  #inspiration #haidji #goodreads #books #read #reading #book https://t.co/Lts8sqchsz",1.3113405286302474e+18
28,2020-09-30 16:25:32,GeorgeParrish1,"#bluecallum #Executives #Directors #VP #Managers #projectmanagers #Google #Amazon #Bechtold #Iqvia
#Versusgame #BusinessFrance #LaFrenchTech #ImpactUSA
#IPwe #EdTech #MedTech #Healthtech #FinTech #USA #GreatBritain #Ireland #AsiaPacific #AsiaBusiness #EuropeanBusiness #innovation https://t.co/AUuFHLnrQd",1.3113414198527795e+18
29,2020-09-30 16:29:27,Amazoncouponn,"Check out this Amazon deal: 5 Pack Face Mask Lanyard Holder Adjustable Length Convenient Safety Hanger Bandanas Rest for Women Men Kids Comfortable Around Neck by Lagincig 
https://t.co/R1kYtSR4hc 
#ad #Amazon #facemask #facemasks",1.3113424039163576e+18
30,2020-12-01 16:15:08,AnkerOfficial,"Anker Nano has been upgraded to 20W!
The new and improved Anker Nano can now charge your new iPhone up to 3× faster.",1.3338068503078339e+18
31,2020-09-30 16:22:06,elsuperchollo,"🔥 Preciazo ❗️❗️❗️ #Amazon 

Roxy - Easy Peasy - Pantalón de Playa Elástico para Mujer ERJX603177 

💰 Rebajado al 35% 

💵 Precio desde 38,98 EUR (Amazon Prime)

🔰 Enlace: https://t.co/S1fONLecQK 

🌐 https://t.co/70usAOb5Dj https://t.co/gdj1j5Pr9O",1.3113405557381898e+18
32,2020-09-30 16:22:26,chollosyoferta,"#Chollo #Amazon 56% DESCUENTO Grundig HM 5040, Negro, Acero inoxidable, 220   Batidora

Precio original: 42,34
Precio oferta: 40,97
Reacondicionado: 18,49

    👇👇👇👇👇👇👇
👉 https://t.co/QtPVu4wtWp https://t.co/VOEL8Ek8IV",1.3113406404883702e+18
33,2020-09-30 16:28:25,lp5editora,"El plumante solitario es el nuevo poemario del escritor camerunés Marcel Kemadjou. Disponible en tapa blanda, electrónico y Kindle desde el Amazon de tu país. #Cameroon #autor #poesía #Amazon #KindleBooks #kindle #LibrosRecomendados #QUEDATEENTUCASA https://t.co/dna6beSxJ8",1.3113421455094292e+18
34,2020-09-30 16:25:32,ofertas_es,"New post in https://t.co/dQZHfp1OMw: -26%  Corsair A500 Refrigerador de CPU
Hoy:  69,99€
 https://t.co/hTnX8zaH2K

#Amazon #AmazonPrime #prime #Chollo #Chollometro #Michollo #descuento #oferta https://t.co/vnvvtNAUrw",1.3113414177431224e+18
35,2020-09-30 16:30:00,edurific,"News of the Day:

Amazon One Biometric Payments Unveiled, Lets You Pay by Hand-Waving. Amazon said it would be installing the system at its Amazon Go retail locations.

#Amazon #technology #coronavirus #Covid19 #ArtificialIntelligence #tech https://t.co/AyQJdWW2ok",1.3113425419129815e+18
36,2020-09-30 16:27:39,DeMaioToni,My Heart's Adventure: Book Two of the Heart Trilogy https://t.co/PRKr7WUhM8 #Amazon,1.3113419510070313e+18
37,2020-09-30 16:23:09,marimi_beauty,"@1nlBaBVuoEgrqmJ あれ、1690円でお安いです〜！そして、あんまりめくれないので、あれ着て男性熱波師さんに仰いでもらえたらすごい嬉しいですね！
オススメですわー！

https://t.co/BiK0VIAfhU #Amazon",1.3113408176388588e+18
38,2020-09-30 16:21:06,SolTaylorRdL,"LIBÉLULAS AZULES 
¿Quién mató a Sharon Nichols? Descubre la respuesta a una pregunta que atormenta a #EthanBush 
OFERTA AQUÍ&gt;&gt;&gt; https://t.co/6AfYeMhtqS 
@merylaso 

#kindle #KindleUnlimited #Amazon #leer #thriller #novela #NovelaNegra #ebooks https://t.co/tFoCxZJ8Xa",1.311340303077593e+18
39,2020-09-30 16:24:00,Haidji,"Book Quote: ""They were like two parts of the same ... "" Click on https://t.co/pXIX2M4HX7  #quoteoftheday #quotes #kindleunlimited #amazonbooks #amazon   #inspiration #haidji   #goodreads #books #read #reading #bookblogger #book https://t.co/pThT6BlySP",1.311341032169255e+18
40,2020-09-30 16:28:36,MWAWORLD,"Meme Of The Day!

#johncena #wwe #amazon #wweraw #WWESmackdown #aew #RomanReigns #sethrollins #therock #ecw #prowrestling #wrestlingfan #fyp https://t.co/nzQjxccl30",1.3113421895159235e+18
41,2020-09-30 16:21:14,elsuperchollo,"📌 Chollazo 💥💥 #Amazon 

Quiksilver - Words Remain Jr Camiseta de Manga Corta Niños 

📢 Mega descuento del 50% 

💵 Precio desde 8,00 EUR

🔰 Enlace: https://t.co/N5vstNl17n 

🌐 https://t.co/JJCXphLcuw https://t.co/T8n74jLCuP",1.3113403382048154e+18
42,2020-09-30 16:21:00,Haidji,"Book Quote: ""The opposite of death isn't life.  It's birth."" Click on  https://t.co/pf8geXnrCh #quoteoftheday #quotes #kindleunlimited #amazonbooks #amazon   #inspiration #haidji   #goodreads #books #read #reading #bookblogger #book https://t.co/N5IkvVUgR5",1.3113402771775283e+18
43,2020-09-30 16:20:11,thedunford,@Amazon @JeffBezos Are you kidding????? Stop supporting white supremacists! #Amazon https://t.co/buxEjcIbqA,1.3113400744248893e+18
44,2020-09-30 16:21:45,StPouchon,"Poko [Explicit] https://t.co/OaiwPVswmU #Amazon
Poko is now available on Amazon you can purchase ⁦@StPouchon⁩ new single
Thk u for the love and support",1.3113404665295995e+18
45,2020-09-30 16:23:59,ForcedKetchup,"also that moment when you order artificial fruit for a still life painting but you never receive it, so you get a refund and reorder it and hope it comes in time #amazon #art https://t.co/8kiI3qyXFd",1.3113410299754414e+18
46,2020-09-30 16:25:28,2BRUKREW,"Demons &amp; Vampires vs. Gunfighting Priests &amp; an Immortal Knight! Read about all HELL BREAKING LOOSE in: Keepers Of The Gate! Only .99 on #Amazon! Action-packed #horror!  
https://t.co/aGmThnbvQs
https://t.co/dQcijhT0Q7
#WednesdayWisdom #wednesdaymorning
https://t.co/3OHDhHxkA5",1.3113414043338138e+18
47,2020-09-30 16:20:13,sarahholmanj,Day 2 shit really brings me down. #Amazon #innovate,1.3113400789967053e+18
48,2020-09-30 16:27:53,AmazonOferts,"❌27.99€
✅13.99 € aplicando cupón!!
📌CUPÓN : N9QZI7TE
💫Unidad Flash De 128GB, Memory Stick para iPhone con 4 Puertos, USB 3.0 Compatible con iPhone/iPad/Android/PC/iPhone con Adaptador OTG.
👉🏼🔗 https://t.co/oDiSJxlyKm
#ofertas #amazon #descuentos #apple #iphone",1.311342012378108e+18
49,2020-09-30 16:27:41,ShimmerAShine,Get patriotic https://t.co/phEuuLXVMn #USA #Amazon https://t.co/lI0i8rRoAz,1.3113419609390449e+18
,date,screen_name,tweet,tweet_id
0,2020-09-30 16:16:09,OnlyGearBest,"🌟 [𝗢𝗻𝗹𝘆 𝗚𝗲𝗮𝗿𝗯𝗲𝘀𝘁] 🌟

🔊 Luggo - Juego de Maletas Capullo (Rojo) 8 Ruedas Giratorias - Cerradura TSA - 20% Más Livianas #amazon

🌍 Enlace: https://t.co/EFXw0xP1Ie

Te esperamos en telegram: https://t.co/mPaN5u2fFj https://t.co/BHd28Ucaz8",1.3113390584471634e+18
1,2020-09-30 16:13:37,XperienceDope,"Blasting Logic, Dwn2earth - OCD (Club) right now on Pretty Dope Xperience Radio aka #BlackPandora

listen now and catch a wave!! https://t.co/VqKFopeoex  #nowplaying #np #RT  #NowStreaming #Streema Download Now #Alexa #GooglePlay #iOSAppStore #Amazon #",1.3113384203509187e+18
2,2020-09-30 16:17:01,CoolDealCA,"Get those Amazon purchases 🎁shipped faster for free 
One month #free #Amazon Prime trial
6 month 👀 free for students
click for details
https://t.co/vkCEWOmxOz https://t.co/9uAMW0fNdH",1.3113392778092667e+18
3,2020-09-30 16:17:52,elsuperchollo,"Precio de locuraaaa❗❗ #Amazon 

Billabong - Carter Shorts, Hombre 

Ofertita de la buena ✨ 41% 

💵 Precio desde 29,50 EUR (Amazon Prime)

🔰 Enlace: https://t.co/4JRAbXyxXr 

🌐 https://t.co/MgooNIaMZh https://t.co/WCoUQ324WS",1.3113394887324262e+18
4,2020-09-30 16:12:17,chollosyoferta,"#Chollo #Amazon 56% DESCUENTO Ert Group SWPCSTOR132 Star Wars Cubierta del Teléfono Móvil, Stormtrooper 001 iPhone 11 Pro MAX

Precio oferta: 14,32
Reacondicionado: 6,29

    👇👇👇👇👇👇👇
👉 https://t.co/aHZG4qbVBa https://t.co/anyuTlLGIo",1.3113380857000346e+18
5,2020-09-30 16:16:55,rakten_kaden_,"10/01 01:16

炊飯器 3合 一人暮らし アイリスオーヤマ 新生活
【楽天】6281円
【Amazon】6480円

★楽天で購入すると★
 199円 お得（お得率3％）

↓お得な情報を一覧で確認出来るサイト
https://t.co/kMQYxgL6Rh

#楽天市場 #Amazon #お得 #せどり https://t.co/pp7bPxYpDj",1.3113392521106186e+18
6,2020-09-30 16:14:52,bhunter584,Enter to #Win a #Amazon #GiftCard and Face Mask from @KUAddicts!  https://t.co/ek2PsEAknW,1.3113387357542687e+18
7,2020-09-30 16:20:10,OfertacularRL,"‼️CHOLLO DUREX‼️ 👁‍🗨 #cholloshot #Amazon #chollo #oferta #ganga

⚫️ Kit 3x Preservativos Durex Pleasuremax Estimulantes con costillas y puntas, 36 preservativos

🛒: ➡️ https://t.co/bwjW0ipkzM ⬅️

🟢 https://t.co/SdTO2TTDka https://t.co/j9MXANH7YB",1.311340069891068e+18
8,2020-09-30 16:15:18,CoolDealCA,"Highly Rated Rechargeable Electric Toothbrush for $20.59!! 🦷 

#freebies #deals #deal #moneysaver #greatdeal #steals #discount #sale #bargain #bargainhunter #cheap #bestprice #Amazon  #Deals #giveaway #Deal #ganga

 https://t.co/l0fg9WHEL2 https://t.co/BO6zkrYSFK",1.311338843451396e+18
9,2020-09-30 16:16:01,hispachollos,"🌀 AgfaPhoto 150803432 - Celda de Moneda de Litio, Color Plata. #Amazon 🇪🇸

💶 Precio oferta: 0,39€ 💥

💳 Enlace: https://t.co/7ARfZ3xcHH

✨ 30 días gratis de Amazon Music Unlimited : https://t.co/dnJe9X8AvY

👁 Visto en Hispachollos
https://t.co/bDQJ2FFyvx
#chollo",1.311339025895166e+18
10,2020-09-30 16:13:25,GizmodoBR,"São 19 novas atrações programadas para o Prime Video em outubro, entre elas as séries exclusivas Utopia e Truth Seeakers. #amazon #primevideo https://t.co/tao7ihCdZ6",1.3113383707785093e+18
11,2020-09-30 16:19:46,LuDragorex,"Amazonショップでカーゴパンツ買ったわ
あと鬼滅の刃グッズのねずこを一つも買った、キーホルダーみたいなやつ
#Amazon",1.3113399683593298e+18
12,2020-09-30 16:19:17,Amazon76380486,"Mask lanyard for kids adults
https://t.co/SoUcj5p7PZ
#ad
#Amazon",1.311339844233302e+18
13,2020-09-30 16:13:34,TTV_THATONEGUYY,#BTS #kpop #twice #sunmi #txt #itzy #TOMMOROW_X_TOGETHER #wishlist #amazon #fortnite,1.3113384087997645e+18
14,2020-09-30 16:12:02,bhunter584,Love Speculative Fiction? #Win a $100 #Amazon #GiftCard in this #Facebook &amp; #Twitter #Giveaway via @sffbookbonanza: https://t.co/eF2EE44mWm,1.3113380206170194e+18
15,2020-09-30 16:17:54,mm0reira_,"#Amazon presentó recientemente una nueva línea de altavoces #Echo, con un diseño esférico, dejando a un lado a los cilindros del año pasado PERO CHEQUEN ESTA VERSIÓN PARA NIÑOS QUE TIENE ESTAMPADO DE TIGRE 😍😍🐯😍🐯 ¡LO QUIERO! https://t.co/1tHYeu7mFh",1.3113394983793705e+18
16,2020-09-30 16:16:44,kingston_jael,#Unbothered 💙 in my $17.99 #SEIKEA 28inches #ombreblue #wavy #syntheticwig #Amazon #syntheticwigs #humpday #humpdayvibes #humpdaymotivation Wearing #EVILTWIN from @toofaced #toofacedcosmetics #liquidmattelipstick #melaninmagic #melaningoddess #melaninqueen #blackgirlswhovlog https://t.co/OyVe392LNm,1.311339205608571e+18
17,2020-09-30 16:19:23,AliieFournier_,Join me in asking @FP_Champagne not to reward the destruction of the #Amazon! 🔥🔥 Immediately halt the Canada-Mercosur free trade deal &gt;&gt; #ActForAmazon #ClimateAction @GreenpeaceCA https://t.co/XnV6Ffhk04,1.3113398698939924e+18
18,2020-09-30 16:18:29,SatoshiPirate,"Hey #XRPARMY, Remember when @JeffBezos sold all his #Amazon Shares? 

No, me neither! @Ripple #XRP",1.3113396461279273e+18
19,2020-09-30 16:17:28,debra18bruce,"The growing impact of #AWS has led to companies opting for services such as AWS #datapipeline and #Amazon #Kinesis which are used to collect, process, analyze, and act on the #database.#amazonwebservices
https://t.co/afqpusHmOt",1.3113393881612534e+18
20,2020-09-30 16:15:01,ParanormalAdds,"""...a wonderfully fast-paced #dystopain that keeps you engrossed till you are done reading."" #Amazon Reviewer ★★★★★ 
Judge for yourself @Amazon: https://t.co/bQbffwNZAl  

#reading #whattoread https://t.co/1wyFtkwdiU",1.311338770705285e+18
21,2020-09-30 16:16:21,elsuperchollo,"Rebajado ⏬⏬ #Amazon 

Billabong - All Day Faded LB Pantalones Cortos, Hombre 

Super rebaja del 42% 

💵 Precio desde 25,98 EUR

🔰 Enlace: https://t.co/XkOg03qLkV 

🌐 https://t.co/p3livEpcJA https://t.co/cl5ZEv2DAG",1.3113391086991729e+18
22,2020-09-30 16:18:00,Haidji,"Book Quote: ""The opposite of death isn't life.  It's life."" Click on  https://t.co/pf8geXF30R #life #quoteoftheday #quotes #kindleunlimited #bookquotes #read #ebook #ku  #paperback #amazon  #inspiration #haidji #goodreads #books #read #reading #BookBoost #book https://t.co/ZImCfVOOTh",1.3113395221610865e+18
23,2020-09-30 16:15:19,ChannelBakers,"Hold onto your hats, folks! Amazon Prime Day is officially happening on October 13th &amp; 14th per Amazon’s website! With almost 2 weeks to go, Channel Bakers is here to help you and your business. Learn more about this year's Prime Day here: https://t.co/zh1AnFtKmg #Amazon",1.3113388471926129e+18
24,2020-09-30 16:19:00,Haidji,"Read ""Caste""- (Oprah's Book Club): The Origins of Our Discontents -  Click on https://t.co/BJ7RR62er2 #caste #books #oprahsbookclub #isabelwilkerson #oprah #read #reading #bestseller #amazon #amazonbooks #goodreads #mustread #educateyourself #mustread #read #book  #BookBoost",1.3113397737897615e+18
25,2020-09-30 16:18:25,XperienceDope,"Blasting Haiti Babii - Change Ya Life (p. Unseen Asylum) right now on Pretty Dope Xperience Radio aka #BlackPandora

listen now and catch a wave!! https://t.co/VqKFopeoex  #nowplaying #np #RT  #NowStreaming #Streema Download Now #Alexa #GooglePlay #iOSAppStore #Amazon #",1.3113396271738675e+18
26,2020-09-30 16:12:28,SyrusIndustry,"How to legally download free books?
https://t.co/RsEAwF8PPJ
#Howtodo #Amazon #booksonline #downloadfreebookslegally #Ebooks #FeedBooks #FreebookSifter #LoyalBooks #OnLineProgrammingBooks #ProjectGutenberg #ZLibrary",1.311338132202193e+18
27,2020-09-30 16:19:09,elsuperchollo,"No lo hay más barato #Amazon 

Element - Blazin LS tee Shirt Hombre 

⬇⬇⬇ Bajón del 31% 

💵 Precio desde 24,08 EUR

🔰 Enlace: https://t.co/Q2HJeaKlQJ 

🌐 https://t.co/NPmp1dL5mj https://t.co/KsMssT3YyZ",1.3113398129856348e+18
28,2020-09-30 16:12:04,nycallday247,"How To Influence Your Engineering Team
With Akshata Pai (Product Mgr, #Amazon).
Thursday, October 01, 2020 at 05:00 PM    Absolutely Free
Online
https://t.co/Xp6U6Sq2DI via @eventbrite @productschool @AWS @AWSstartups @awscloud @amazon #productschool #aws  #productmanagement",1.311338030175789e+18
29,2020-09-30 16:18:38,chandaleary,Ready for #Amazon AdCon! https://t.co/h52q5NnJl0,1.3113396833691525e+18
30,2020-09-30 16:16:37,susan1215,GIVEAWAY! Enter to #win a $10 #Amazon gift card? Go enter the #giveaway daily for your chance to win from @thatsjustjeni Go enter   https://t.co/40C8AeH63T,1.311339173912154e+18
31,2020-09-30 16:16:04,creativemm12,"👉https://t.co/nejwDitP3P #amazon👈
💯👉Auto Follower👈💯
💯👉#自動相互フォロー👈💯

#相互RT
#MLB
#Eric #Trump
#Roe #v. #Wade
#FollowNGain
#FollowBack
#TeamFollowback
#TeamFollowBack
#TFB
#相互リツイート
#拡散希望RTお願いします
#followergenerator",1.311339038347993e+18
32,2020-09-30 16:14:20,bhunter584,Love Fantasy &amp; SciFi? #Win a $100 #Amazon #GiftCard in this month's mega #BookBub #Giveaway via @sffbookbonanza: https://t.co/md5Zc6Ojzf,1.311338600462725e+18
33,2020-09-30 16:16:15,Buch_Bestseller,Naturmedizin und Schulmedizin!: Mein gesammeltes Gesundheits… von Dietrich #Grönemeyer https://t.co/0sL0hNZ395 ist jetzt neu auf Platz 7 der Top 50 #Amazon #Bestseller.,1.311339084732928e+18
34,2020-09-30 16:18:50,ADuffland,"Anyone else ever bought Pokemon Hidden Fates off Amazon? And how was the purchase?  Seeing lots of reviews about repacks.  

#pokemon #pokemomtcg #hiddenfates #amazon #PokemonGO",1.311339730919813e+18
35,2020-09-30 16:16:23,MyDealReview,"Do you want to make more Money in stock market? 
Do you want Accurate Buy Sell Signals!
Look here https://t.co/eo4qQeQ8Wq 

#StockMarket #stockstowatch #stocks #AAPL #Amazon #QQQ #INTC #SPY #MSFT #WMT #NASDAQ100 #wallstreet #NASDAQ  #NYSE #investing #Bitcoin #EURUSD #forex #USD https://t.co/EU2eaA48IH",1.3113391174273556e+18
36,2020-09-30 16:16:10,reinadellowcost,"🌟 [𝗟𝗮 𝗿𝗲𝗶𝗻𝗮 𝗱𝗲𝗹 𝗟𝗼𝘄𝗰𝗼𝘀𝘁] 🌟

🔊 Luggo - Juego de Maletas Capullo (Rojo) 8 Ruedas Giratorias - Cerradura TSA - 20% Más Livianas #amazon

🌍 Enlace: https://t.co/fmNNyDrPtj

Te esperamos en telegram: https://t.co/Jxndx9pJCJ https://t.co/wscewtYbYf",1.3113390624065454e+18
37,2020-09-30 16:12:00,UNI_Europa,"Yep.

Just this morning we wrote to the @EU_Commission calling for an investigation into #Amazon spying on workers.

📜 More here ➡️https://t.co/f35HbZeHHy⬅️ https://t.co/CrY35DxUiK",1.311338012408787e+18
38,2020-09-30 16:13:16,soso_piano,"アルバム「いのちの音」のネット配信を開始！
2017年のリマスタリング・バージョンです。

★配信サイト一覧
https://t.co/i2hDokSPd7

#iTunes #AppleMusic #Amazon #Spotify #GooglePlay  #LINEMUSIC",1.3113383337553715e+18
39,2020-09-30 16:14:06,Caryopter,"#Amazon distribution center in PA sent so many workers to ER w heat exhaustion, ambulance squad complained. So #Amazon parked their own ambulance outside. Only after ER doc complained to OSHA did #Amazon install AC.
https://t.co/EgLLoxoHyl https://t.co/UVSbtXTmBZ",1.3113385422540964e+18
40,2020-09-30 16:12:23,JeffMenapace,Hey #WritingCommunity #readers and friends! Have you read #NUMB or the #CLICHE episodes that follow? Link in bio for #Amazon page. Would appreciate any help spreading the word. Thanks in advance! #book #writerslift #suspense #horrorcommunity #thrillers #readingcommunity https://t.co/LXAJVznkSG,1.3113381098297057e+18
41,2020-09-30 16:17:30,nikolefernanda_,Que buena teleserie me estoy viendo por #Amazon @Su_Hidalgo @pazbascu @lorebosch #preciosas https://t.co/MtLbrtGBa9,1.3113393963361485e+18
42,2020-09-30 16:17:57,PaulGJK,"@AFP 'Disastrous and unnecessary' 
#Bolsonaro #Trump #Amazon https://t.co/aYabOCMBdT",1.3113395112390533e+18
43,2020-09-30 16:20:08,MyDealReview,"Discover the SECRET of making more MONEY in #stocks #forex 

Find https://t.co/eo4qQeQ8Wq 

#StockMarket #stockstowatch #investing #money #business #Europe #trading #TRADINGTIPS #tradingsignals #daytrading #NASDAQ #AAPL #ANALYSIS #bestbuy #Amazon #BTCUSD #bitcoin #Ethereum #BTC https://t.co/ZwXqNNjO6s",1.3113400606718444e+18
44,2020-09-30 16:18:12,StoryMerchant,"#FREE through October 2! @kennja's foundational guide to the writer’s mind &amp; #productivity. Detailed steps of the #creativeprocess interface with the writer’s greatest asset, time.

Your #Amazon Review is Appreciated.",1.3113395733062574e+18
45,2020-09-30 16:16:21,hispachollos,"🌀 TwobeFit Coche Teledirigido, 2.4 GHz RC Coche Acrobacia Rotación Volteo de 360 Grados, con Batería Recargable, 360° Doble Lado Flexibles Control Remoto de Coche Carrera para niños Regalo. #Amazon 🇪🇸

🕘 PRECIO FLASH: 16,27€

💶 Preci ...
https://t.co/eVNhHfuP0w
#chollo",1.3113391061574328e+18
46,2020-09-30 16:16:03,wiesubags,Indigenous leader in #Brazil Raoni Metuktire is candidate for the #NobelPeacePrize this year. He is one of the most well known and respected defendants of the #Amazon and its people. https://t.co/KpEDvuz6Tc,1.3113390326061138e+18
47,2020-09-30 16:20:11,elsuperchollo,"🔥 Preciazo ❗️❗️❗️ #Amazon 

Quiksilver - Drift Away Sr Camiseta de Manga Corta Hombre 

Super rebaja del 50% 

💵 Precio desde 13,00 EUR

🔰 Enlace: https://t.co/GYGETr67p3 

🌐 https://t.co/Q9C5Y9S0Px https://t.co/7xYg7N08Vw",1.31134007152683e+18
48,2020-09-30 16:16:11,MenudoPaquete,"🌟 [𝗠𝗲𝗻𝘂𝗱𝗼 𝗣𝗮𝗾𝘂𝗲𝘁𝗲] 🌟

🔊 Luggo - Juego de Maletas Capullo (Rojo) 8 Ruedas Giratorias - Cerradura TSA - 20% Más Livianas #amazon

🌍 Enlace: https://t.co/gPYTs3ApLT

Te esperamos en telegram: https://t.co/IbEojfZpa4 https://t.co/YJLlONRGJF",1.3113390664834499e+18
49,2020-09-30 16:19:14,creativemm12,"👉https://t.co/Lrn4rdnaTJ #amazon👈
💯👉Auto Follower👈💯
💯👉#自動相互フォロー👈💯

#FollowBack
#Bad #Bunny #Crocs
#Tottenham #vs #Chelsea
#Roe #v. #Wade
#相互RT
#f4f
#TFW
#TeamFollowback
#TFB
#固定RT
#bts
#seventeen",1.3113398325855396e+18
,date,screen_name,tweet,tweet_id
0,2020-09-30 16:10:00,creativemm12,"&lt;Current Weather&gt;
San Francisco
Temperature: 58.19°F/ Status: mist
👉https://t.co/hyvnjlcVfE #amazon👈
💯👉Auto Follower👈💯
💯👉#自動相互フォロー👈💯

#autofollower
#MLB
#Tottenham #vs #Chelsea
#Mac #Davis
#autofollower
#1000ADay
#拡散希望R",1.3113375090166743e+18
1,2020-09-30 16:11:09,SolTaylorRdL,"🍹 ¡Un mojito, por favor! 🍹

Enlace 💗🇨🇺❤️ https://t.co/dKbFSOZnIM

#kindle #KindleUnlimited #romance #romantica #comedia #humor #amor #comediaromantica #leer #ebook #amazon https://t.co/9ydPAmtMo2",1.3113378012506767e+18
2,2020-09-30 16:06:28,TheInStockRoom,"***New Deal***
Belifu Teeth Whitening Kit
Reduced from $34 to $20
Coupon code: RNBHGWFI
https://t.co/fLnz0XU8Zb
#Deals #newDeals #savings #Amazon https://t.co/wZ7pzm0Htz",1.3113366197487903e+18
3,2020-09-30 16:08:00,Tarrako1162,"🔥CHOLLO! #Amazon | #Electronica

📢Huawei P40 Lite - #Smartphone 128GB, 6GB RAM, Dual Sim, Emerald Green

   ❌ Antes: 265,37€
   🔥 PRECIO OFERTA: 192,24€🔥 -28%
   🔰 Enlace: https://t.co/FZBFEJkAnz https://t.co/GlyJbsDacA",1.3113370056458117e+18
4,2020-09-30 16:11:00,reinalectora,"¿Quieres saber lo que opina @FSupervielleB sobre la autopublicación en #Amazon? No te pierdas la entrada en mi blog 👉🏽 https://t.co/yd6OmVzThP
⚓️https://t.co/l0gPKDrwfy https://t.co/xNattFYzhd",1.3113377605448335e+18
5,2020-09-30 16:06:54,rakten_kaden_,"10/01 01:06

日立 コードレススチームアイロン CSI−307−
【楽天】5390円
【Amazon】5391円

★楽天で購入すると★
 1円 お得（お得率0％）

↓お得な情報を一覧で確認出来るサイト
https://t.co/kMQYxgL6Rh

#楽天市場 #Amazon #お得 #せどり https://t.co/hdOrJmwHmC",1.3113367308893512e+18
6,2020-11-30 00:59:06,GameStop,"This Cyber Week, we’re breaking out a new deal every day. See what today’s is while today is still here.",1.3332139356428165e+18
7,2020-09-30 16:11:13,CoolDealCA,"💲💰
JBU by Jambu Women's Toledo We...
Reduced from $79.00 to $9.96

# #Deals #new #Deals #Amazon  #Deal #ganga

 https://t.co/IPwf11Cxbs https://t.co/9LbQNqMBDp",1.3113378177216676e+18
8,2020-09-30 16:10:17,CoolDealCA,"10"" LED Ring Light with Tripod Stand &amp; Phone Holder for $18.99!!

#freebies #deals #deal #moneysaver #greatdeal #steals #discount #sale #bargain #bargainhunter #cheap #bestprice #Amazon  #Deals #giveaway #Deal #ganga

 https://t.co/fsSVo8MShQ https://t.co/pnCX5b80vF",1.3113375792965468e+18
9,2020-09-30 16:06:06,WorldOfWaylon,"APEX PREDATOR is ""a rousing neo-#pulp so hard-hitting you'll be spitting out teeth-- or fangs!"" https://t.co/FNsrYbpjgo #Horror #IndieAuthor #Halloween #Amazon #Kindle #Supernatural #Vampire #Zombies #Thriller #Books #Ghosts #HalloweenReads",1.311336530447827e+18
10,2020-09-30 16:10:18,CoreysList2,All-New Toshiba 43LF421U21 43-inch Smart HD 1080p TV - Fire TV Editi... https://t.co/gf7nDblmxW #Amazon,1.3113375848496824e+18
11,2020-09-30 16:10:41,CoreysList2,All-New Insignia NS-50DF710NA21 50-inch Smart 4K UHD - Fire TV Editi... https://t.co/cnZxaCJhjf #Amazon,1.311337680458797e+18
12,2020-09-30 16:07:00,t4_research,"Amazon announced new features for its voice assistant, Alexa. Now Alexa can ask clarifying questions, and then use this data to interact with the user later. Soon there will be more voice assistants than people. Maybe we’ll never have to feel lonely again? 
#TechNews #Amazon https://t.co/gkgrFcwvnC",1.3113367539202703e+18
13,2020-09-30 16:09:25,chollodescuento,"CHOLLOS y DESCUENTOS ⁣OFERTÓN Tenda AC6 - Router inalámbrico, Doble Banda, AC1200, 4 puertos Megabit, WiFi Inteligente, 4 Antenas, por 24,64€ #Amazon Enlace: https://t.co/CECtTYCvan Código: No necesita Visto: https://t.co/tssN0NBD8Q https://t.co/jPZR7fHSi9 …",1.3113373637135196e+18
14,2020-09-30 16:08:54,oldwatergardens,"@slpng_giants @amazon #Amazon, what is your response?",1.3113372341598577e+18
15,2020-09-30 16:07:00,pezoutlaw,"Pez Outlaw, ""Notes From The Asylum"" #Apple #Disney #Amazon #Netflix: The Curse of Pez Outlaw Gold  #Netflix #Sony https://t.co/NqkQkA6jmw",1.311336754717356e+18
16,2020-09-30 16:09:36,CashTechNews,"Cardano's real competition is not who you'd expect, says new Cardano Foundation CEO #Alibaba #amazon #ada #cardano #blockchain https://t.co/xMxWNjm1PP",1.3113374082150318e+18
17,2020-09-30 16:06:01,pezoutlaw,"Pez Outlaw, ""Action creates a glimmer of hope n possibilities.
After 20yrs of trying, I still get up every day n put one more brick on the wall."" #Apple #Disney #Amazon #Netflix: The reasons Pez Outlaw was targeted by Pez Corpora... https://t.co/I9Mwsv15wS",1.311336508142637e+18
18,2020-09-30 16:06:34,CoolDealCA,"💲💰
Belifu Teeth Whitening Kit
Reduced from $34 to $20
Coupon code: RNBHGWFI

# #Deals #new #Deals #savings #Amazon  #Deal #ganga

 https://t.co/ZuOanGA1dI https://t.co/Nebo5MYBUS",1.3113366450111652e+18
19,2020-09-30 16:08:09,Charlie_Cawood,"Lighthouse Family - My Salvation #bigtimeradio https://t.co/N76xPoatRr @Charlie_Cawood @BigTimeRadio1 @bigtime_news
 on #Amazon Echo &amp; App https://t.co/c7cZfm4MQo  #Top40 #Music 247 #Worldwide 3 #Radio #Stations 43 #Countries #Interviews #Billboard https://t.co/JiPHr6jZyC  #SUBMI",1.3113370459908014e+18
20,2020-09-30 16:08:56,VfGoaBCrLiInilf,"ギフト探しで困ったらまずここ！
#amazon #ギフト #贈り物
 https://t.co/DZHDgyI60B",1.3113372411768054e+18
21,2020-09-30 16:06:01,RCEGlobal,"Amazon Prime Day 2020 To Take Place Oct. 13-14

https://t.co/zuUfQ54QjY

#ecommerce #business #digitalmarketing #entrepreneur #ecommercebusiness #onlineshopping #marketingdigital #shopify #ebay #amazon #socialmedia #onlinebusiness #branding #rceglobalsolutions https://t.co/qhd0lsNWbX",1.3113365093212283e+18
22,2020-09-30 16:06:10,AntoineDef,"Aux USA, #Amazon veut vous permettre de payer en scannant la paume de votre main    https://t.co/HTq6cHsc6k",1.3113365457444905e+18
23,2020-09-30 16:05:48,kana_ogawa,"【R&amp;BDVD】ベスト10
DOBERMAN INFINITY LIVE TOUR 2019 「5IVE ~必ず会おうこの約束の場所で~」(Blu-ray Disc)(通常盤)
https://t.co/rjENE6I027 #Amazon",1.3113364515528663e+18
24,2020-09-30 16:06:19,OfertacularRL,"‼️NEW BALANCE CHOLLO‼️ 👁‍🗨 #Ofertacular #Amazon #chollo #oferta #ganga

⚫️ Zapatillas para Correr de Carretera New Balance Fresh Foam Evare

🛒: ➡️ https://t.co/DnSPjbzSqt ⬅️ https://t.co/80z0Gn2Xzo",1.3113365824405217e+18
25,2020-09-30 16:07:58,digital__de,"We would not bet that this is a good idea.
#EU #Apple #Google #Facebook #Amazon 
https://t.co/7Fi3pa70o2",1.3113369998156472e+18
26,2020-09-30 16:09:01,XperienceDope,"Blasting Young Thug - Hot (Remix) [feat. Gunna and Travis Scott] right now on Pretty Dope Xperience Radio aka #BlackPandora

listen now and catch a wave!! https://t.co/VqKFopeoex  #nowplaying #np #RT  #NowStreaming #Streema Download Now #Alexa #GooglePlay #iOSAppStore #Amazon #",1.3113372631717642e+18
27,2020-09-30 16:08:08,t3n,Der Roboterkollege macht #Amazon-Mitarbeiterinnen und -Mitarbeitern das Leben nicht unbedingt leichter. https://t.co/yqFRwFOeye,1.3113370394392453e+18
28,2020-09-30 16:10:11,kynkya,"𝐋𝐈𝐁𝐄𝐑𝐓𝐈𝐍𝐄 𝟐 
📚𝓐𝓡𝓣𝓗𝓤𝓡 
👉La boda de su mejor amigo.
👉Un rock&amp;roll con buen movimiento de caderas.
👉Un lío embarazoso.
👉DISPONIBLE:Link: https://t.co/BGehSbtqJc
#Amazon #kindle #kindleunlimeted #autorindie #romance #autor https://t.co/CU75xQWOse",1.311337555758125e+18
29,2020-09-30 16:07:28,jokerdeshirita,"Last Chance! Would you like to win a $50 Amazon Gift Card or PayPal Deposit? Check out this easy entry Gleam giveaway for a chance to #WIN

Open Worldwide

@GooseGiveaways #wingiftcard #wincash #amazon #paypal #winmoney #sweepstakes #giveaways https://t.co/Ns5uAhC6vZ",1.3113368735210332e+18
30,2020-09-30 16:09:28,KeChollos,"SAMSUNG 870 QVO 2 TB 2,5'' SATA III SSD Interna 
#Amazon #ofertas #chollo #chollos #Tecnología #SSD #DiscoDuro #Samsung #SATA

💵Precio: 161.72€ (31%)
🚚Envío: GRATIS
https://t.co/kXxNhSgHSp",1.311337377378513e+18
31,2020-09-30 16:08:13,nycallday247,"The Art Of Wearing Multiple Hats
With Sidharth Nabar (Sr Product Mgr, #Amazon).
Thursday, October 01, 2020 at 2:30PM  
Absolutely Free
Online
https://t.co/YDKkxlswLJ via @eventbrite @productschool @villaumbrosia @AWS @amazon @SidharthNabar #AWS #AmazonAlexa #Alexa #ProductSchool",1.3113370591022162e+18
32,2020-09-30 16:08:26,NATOBABY1919,織津江大志の異世界クリ娘サバイバル日誌 1 (チャンピオンREDコミックス) https://t.co/2KM0U6ixyL #Amazon,1.3113371176922235e+18
33,2020-09-30 16:11:55,rakten_kaden_,"10/01 01:11

アルインコ コードレス首マッサージャー もみたいむ
【楽天】8980円
【Amazon】9800円

★楽天で購入すると★
 820円 お得（お得率9％）

↓お得な情報を一覧で確認出来るサイト
https://t.co/kMQYxgL6Rh

#楽天市場 #Amazon #お得 #せどり https://t.co/BOQ12VxYxv",1.3113379914538312e+18
34,2020-09-30 16:11:26,kdrich21,#TrumpsTerrorists #Amazon #Trumpvirus #coronavirus #Trumpriots #protests2020 #GeorgeFloyd #BreonnaTaylor #RashardBrooks #AndresGuardado #ElijahMcClain #JacobBlake #Kenosha #BlackLivesMatter #Debates2020 https://t.co/XUKKOxOx0K,1.3113378726755574e+18
35,2020-09-30 16:05:57,MysteryWeekly,"Our annual Sherlock Holmes themed double issue is stuffed full with pastiches, parodies and articles. Mystery Weekly Magazine October 2020 available now: Paperback @ #Amazon &amp; #Kindle Newsstand (30 day free trials) #MYSTERY #kindledeals #amreading #crimefiction #StayHome #reading https://t.co/GZcHQIrFNx",1.3113364902413394e+18
36,2020-09-30 16:06:51,KeChollos,"Acer ED320QRPbiipx - Monitor curvo de 31.5"" FullHD 
#Amazon #ofertas #chollo #chollos #Imagen #Pantalla #Monitor #Curvo #FullHD

💵Precio: 239.99€ (14%)
🚚Envío: GRATIS
https://t.co/fBwd78PDvj",1.3113367171951084e+18
37,2020-09-30 16:09:45,tmsl_info,"new balance(ニューバランス)のアイテムがお買い得 ...
https://t.co/s9eKal2FkD
#Amazon #タイムセール",1.3113374460642714e+18
38,2020-09-30 16:07:37,pezoutlaw,"Pez Outlaw, ""Notes From The Asylum"" #Apple #Disney #Amazon #Netflix: Pez Outlaw Mutant Army $00PER $H00TER! #Netflix #A... https://t.co/8koDvCGEpz",1.3113369083462656e+18
39,2020-09-30 16:05:48,shubham_kango,"Happy International Podcast Day 
Do listen to my first podcast on YouTube it will be on Spotify from tomorrow.If you want to build something unique like #instagram #Amazon or #Python you must listen to it:
https://t.co/rcLvcuoBvJ",1.3113364539226726e+18
40,2020-09-30 16:07:25,hispachollos,"🌀 BIC Flex3 Hybrid Kit de Maquinillas para Hombre - Paquete de 2 Mangos y 8 Recambios. #Amazon 🇪🇸

💶 Precio oferta: 12€ 💥 (PVP normal: 13,23€)

💳 Enlace: https://t.co/iqEDHI1zrz

✨ 30 días gratis de Amazon Music Unlimited : https://a ...
https://t.co/MlpDYAfZ7S
#chollo",1.3113368598978642e+18
41,2020-09-30 16:06:44,Star71701,@JoeBiden @realDonaldTrump You sign those bills so the rich don’t have to pay taxes. Look at #Amazon  &amp; many others. Thanks Joe,1.311336689353339e+18
42,2020-09-30 16:08:10,NATOBABY1919,科学的に存在しうるクリーチャー娘の観察日誌 7 (チャンピオンREDコミックス) https://t.co/yRc5uUNkXy #Amazon,1.3113370488259707e+18
43,2020-09-30 16:11:07,TheInStockRoom,"***New Deal***
JBU by Jambu Women's Toledo We...
Reduced from $79.00 to $9.96
https://t.co/rHheDYGmTe
#Deals #newDeals #Amazon https://t.co/NZ44AUTu23",1.3113377930550764e+18
44,2020-09-30 16:10:09,AakankshaSD,"@amazonIN I've just received a box of 15 coloured pencils that are used and in a torn box. I ordered the new box with 18. Good job... NOT. 

#Amazon https://t.co/h2jyD7lXUy",1.3113375497642885e+18
45,2020-09-30 16:08:15,pezoutlaw,"Pez Outlaw, ""Notes From The Asylum"" #Apple #Disney #Amazon #Netflix: Pez Corporate Fraud #Netflix  Pez Color War #Sony https://t.co/mhXA02QSE5",1.3113370675242967e+18
46,2020-09-30 16:09:00,chollosyoferta,"#Chollo #Amazon 63% DESCUENTO LG 34GK950G   Monitor Gaming UltraWide QHD de 

Precio oferta: 1299,0
Reacondicionado: 469,24

    👇👇👇👇👇👇👇
👉 https://t.co/jNvNSvARSz https://t.co/jXIL7IUQ60",1.3113372562050703e+18
47,2020-09-30 16:07:44,shravangkp,"सारे @AmazonHelp वाले बस झूट बोलते रहे कि इंस्टालेशन हो जायेगा #Amazon के सीनियर तक झूट बोलते रहे लेकिन कुछ नहीं हुए।।मेरा अब तक का सबसे खराब एक्सपेरिएंस रहा Amazon पर।। Don't Trust on @AmazonHelp @amazonIN .. Don't Buy any thing from them
#BoycottAmazon
#DontTrustOnAmazon",1.3113369403446845e+18
48,2020-09-30 16:10:17,CoolDealCA,"Today only 🚨

Personal Care Items at #Amazon  - Buy 2, Get a 3rd #free

#freebies #deals #deal #moneysaver #greatdeal #steals #discount #sale #bargain #bargainhunter #bargainshopper #cheap #bestprice #Amazon  #Deals #giveaway #Deal #ganga

 https://t.co/q29mILHZO6",1.31133758123853e+18
49,2020-09-30 16:08:43,dr_hotcakes,Unreal #gamer #twitch #youtube #nvidia #nvidia3080 #rtx3080 #amazon @hashbrown_og @bizskits1 @asususa @asusrog https://t.co/wb36oEiitb,1.311337185476567e+18
,date,screen_name,tweet,tweet_id
0,2020-09-30 16:02:04,XperienceDope,"Blasting Hop -  Gunplay right now on Pretty Dope Xperience Radio aka #BlackPandora

listen now and catch a wave!! https://t.co/VqKFopeoex  #nowplaying #np #RT  #NowStreaming #Streema Download Now #Alexa #GooglePlay #iOSAppStore #Amazon #",1.3113355134213816e+18
1,2020-09-30 16:05:21,kana_ogawa,"【R&amp;BDVD】ベスト10
DOBERMAN INFINITY LIVE TOUR 2019 「5IVE ~必ず会おうこの約束の場所で~」(DVD2枚組)(通常盤)
https://t.co/yEMknun4Qq #Amazon",1.3113363414440305e+18
2,2020-09-30 16:05:37,kana_ogawa,"【R&amp;BDVD】ベスト10
KODA KUMI LIVE TOUR 2019 re(LIVE) -Black Cherry-(Blu-ray Disc)
https://t.co/kB7AIGWBIr #Amazon",1.3113364074539786e+18
3,2020-09-30 16:05:46,NicoleR64065430,The trending product that I will be trying out in 72 hours is… #meditime #cosmeceutical #dermacosmetic #amazon  https://t.co/oOk53aavEE https://t.co/Dcqx3hcLbp,1.3113364437558518e+18
4,2020-09-30 16:04:41,pezoutlaw,"Pez Outlaw, ""No matter how you're feeling or the body blows your life has taken, you must lift yourself up n keep going."" #Apple #Disney #Amazon #Netflix: The reasons Pez Outlaw was targeted by Pez Corpora... https://t.co/I9Mwsv15wS",1.3113361719984497e+18
5,2020-09-30 16:05:11,kana_ogawa,"【R&amp;BDVD】ベスト10
KODA KUMI LIVE TOUR 2019 re(LIVE) -JAPONESQUE-(DVD2枚組)
https://t.co/RBbDU64Lef #Amazon",1.3113362976554598e+18
6,2020-09-30 16:04:14,chollosyoferta,"#Chollo #Amazon 63% DESCUENTO Fjallraven Kaipak 28 Backpack, Unisex adulto, Redwood, OneSize

Precio original: 149,99
Precio oferta: 56,14

    👇👇👇👇👇👇👇
👉 https://t.co/nvRSc2r8O8 https://t.co/q49jNLJXvs",1.311336060107006e+18
7,2020-09-30 16:05:10,amzn_deals_us,"https://t.co/JsjlzVZlJM Holikme 2 Pack Door Draft Stopper Under Door Draft Blocker Insulator Door Sweep Weather Stripping Noise Stopper Strong Adhesive 39"" Length #Amazon #Deal https://t.co/McSY9WK6Ld",1.3113362929790157e+18
8,2020-09-30 16:03:11,pezoutlaw,"Pez Outlaw, ""20yrs later, I do not forgive, I do not forget, until some form of restitution is made."" #Apple #Disney #Amazon #Netflix: The reasons Pez Outlaw was targeted by Pez Corpora... https://t.co/I9Mwsv15wS",1.31133579493478e+18
9,2020-09-30 16:03:04,AuthorOSanchez,"Lancers out tonight?
Tonight and every night. No rest for the wicked.--BB.
https://t.co/31en66iLmb
#paranormal #urban #ebook #amazon https://t.co/Q1izqya75z",1.3113357647440773e+18
10,2020-09-30 16:03:07,creativemm12,"#チェンコ塚越 の 【メーカー特典あり】MAN WITH A MISSION THE MOVIE -TRACE the HISTORY- Blu-ray(メーカー特典:チケットホルダー付)
https://t.co/PAM03fnB4e
#RT企画
#buyandship
#amazon
#Eric #Trump
#Ross #Barkley
#Lunch哥",1.3113357777086464e+18
11,2020-09-30 16:02:39,riririr41084348,"《届いた物の紹介》
月のランプと言うものと、メンズのシャツが届きました！

気になる方はこちらまで⤵︎ ︎
https://t.co/FHAl2m3Ol0

#Amazon #転売 #レビューなし #フィードバックなし #Amazonレビュー　#レビュー不要　#フィードバック不要
#転売ビジネス　#アマゾン  #副業 https://t.co/CH7q9JeUuO",1.3113356620171592e+18
12,2020-09-30 16:03:07,amzn_deals_us,"https://t.co/Gf6YWxDdaa APOSEN Cordless Vacuum Cleaner, 24000Pa Strong Suction, 4 in 1 Stick Vacuum Cleaner Detachable Battery, 250W Powerful Brushless Motor, 1.2L Super-Capacity for Deep Cleaning H250 （Red） #Amazon #Deal https://t.co/FR2FHLQQYs",1.3113357758505656e+18
13,2020-09-30 16:04:11,a1_barg,https://t.co/aPSGWcDsWo via @eBay #Shopping #shoppingstar #shoppingqueen #ShoppingOnline #purse #Ladies #style #stylish #fashion #fashionnova #Deals #DealsAndSteals #shoppers #totebags  #ebayfinds #ebay #womenswear #Fall #Autumn #Thanksgiving #Jewelry #Amazon #AutumnTreats,1.3113360480190996e+18
14,2020-09-30 16:01:26,pezoutlaw,"Pez Outlaw, ""Pez Corporation manipulated the price n value of there own product to destroy a client."" #Apple #Disney #Amazon #Netflix: The reasons Pez Outlaw was targeted by Pez Corpora... https://t.co/I9Mwsv15wS",1.3113353531948933e+18
15,2020-09-30 16:04:50,masaasaservice,"またしても気になる本。

Conviviality 自立共生

コンヴィヴィアリティのための道具 (ちくま学芸文庫) https://t.co/x2fGRmpY7n #Amazon",1.3113362114667397e+18
16,2020-09-30 16:02:03,pezoutlaw,"Pez Outlaw, ""Pez Corporation destroyed a client then used that clients ideas for 2 decades of profit."" #Apple #Disney #Amazon #Netflix: The reasons Pez Outlaw was targeted by Pez Corpora... https://t.co/I9Mwsv15wS",1.3113355099611914e+18
17,2020-09-30 16:05:42,kana_ogawa,"【R&amp;BDVD】ベスト10
DOBERMAN INFINITY LIVE TOUR 2019 「5IVE ~必ず会おうこの約束の場所で~」(DVD2枚組+Tシャツ)(初回生産限定盤)
https://t.co/JcErLRzeAj #Amazon",1.3113364295789855e+18
18,2020-09-30 16:02:21,Marie_N_Vianco,"Vive el #misterio que se esconde #DesdeElTragaluz 
#intriga 
#suspense 
#KindleUnlimited 
#instabooks 
#MarieNVianco 
#bookstagram 
Primeros capítulos https://t.co/tbKUo1boCW … 
#Amazon
 https://t.co/p2rBYjXnFm https://t.co/7hQw4VCQSL",1.311335586184278e+18
19,2020-09-30 16:01:30,a1_barg,https://t.co/iOoQnfjVMi via @eBay #Shopping #shoppingstar #shoppingqueen #ShoppingOnline #Kitchen #Ladies #style #stylish #fashion #fashionnova #Deals #DealsAndSteals #shoppers #towel #ebayfinds #ebay #womenswear #Fall #Autumn #Thanksgiving #Jewelry #Amazon #AutumnTreats,1.3113353729416028e+18
20,2020-09-30 16:05:27,kana_ogawa,"【R&amp;BDVD】ベスト10
DOBERMAN INFINITY LIVE TOUR 2019 「5IVE ~必ず会おうこの約束の場所で~」(Blu-ray Disc+Tシャツ)(初回生産限定盤)
https://t.co/X7qnID2MfD #Amazon",1.311336363359232e+18
21,2020-09-30 16:05:10,giveawaysboard,Love Fantasy &amp; SciFi? #Win a $100 #Amazon #GiftCard in this month's mega #BookBub #Giveaway via @sffbookbonanza: https://t.co/1IMy0qjGOT,1.311336293968773e+18
22,2020-09-30 16:03:49,pezoutlaw,"Pez Outlaw, ""Pez Outlaw, ""Pez Corporation, time is fast running out to make restitution n change the ending to this story"" #Apple #Disney #Amazon #Netflix"" #Apple #Disney #Amazon #Netflix: The reasons Pez Outlaw was targeted by Pez Corpora... https://t.co/I9Mwsv15wS",1.3113359523972833e+18
23,2020-09-30 16:01:43,bare_footwriter,"The Puzzling Secret: Where will the pieces fall? (The Trinity Watkins Mystery Series Book 1) https://t.co/fARGNpc5Z6
Guess who is getting married? #writerslife #WritingCommunity #author #Authors #writerslift #Amazon #fiction #mystery #paranormal #writerslife #horror",1.311335425248641e+18
24,2020-09-30 16:02:57,doblesentido132,"#Borat2 se estrenaría en #Amazon a finales de #octubre.

La #secuela de #Borat se podría estrenar en Amazon poco antes de las #elecciones de #EstadosUnidos. https://t.co/mMyNnMGbvV",1.311335734071173e+18
25,2020-09-30 16:01:28,kindle_everyday,本日のAmazonKindle日替わりセールはこちら!! https://t.co/HemxBvm2Kc #毎日更新 #毎日3冊日替わりセール #Amazon #Kindle,1.31133536398669e+18
26,2020-09-30 16:05:18,CoolDealCA,"Highly Rated Video Doorbell Alternative for $66.49!!

#freebies #deals #deal #moneysaver #greatdeal #steals #discount #sale #bargain #bargainhunter #bargainshopper #cheap #bestprice #Amazon  #Deals #giveaway #Deal #ganga

 https://t.co/Amd7vPYzM7 https://t.co/o7ZE6Y8hC7",1.3113363262943724e+18
27,2020-09-30 16:02:32,_JonMyer,"Join us 7th Oct @ 1pm EDT for an exciting Podcast around #Amazon #Textract 
 @belle_tech with Tia Dubuisson 
https://t.co/2JotNDyoKY",1.3113356291506545e+18
28,2020-09-30 16:03:46,JessieM212,Check out the effective tax rate paid by immigrants in America. Then look at Trump. Who exactly is getting public services they don’t pay for? #TaxFraudTrump #endcorporatewelfare #Amazon  #Walmart https://t.co/xYokAJzUM3,1.311335940623827e+18
29,2020-09-30 16:05:18,paoloroversi,Ognuno di noi ha sempre almeno un vicino stronzo; è una questione di statistica. #LePiumedelDrago #LorenzoVisconti serie #Dragon #kindle #libri #amazon https://t.co/EJxHueMEgI https://t.co/zN9KE1X09d,1.3113363279678915e+18
30,2020-09-30 16:05:06,kana_ogawa,"【R&amp;BDVD】ベスト10
KODA KUMI LIVE TOUR 2019 re(LIVE) -Black Cherry-(DVD2枚組)
https://t.co/cxxckQAOPr #Amazon",1.3113362755767255e+18
31,2020-09-30 16:05:21,MBlazax,"¿No sabes de qué trata Memorias del Blázax? Puedes leer un fragmento en nuestra web 👉 https://t.co/USrcZrgSEO o en el preview de #Amazon 
🇪🇸➡️https://t.co/vtxzl4dNSw 
LATAM➡️https://t.co/Lu5sWQ6n2M 
🇲🇽➡️https://t.co/ZaKOpkicOO 
🇬🇧➡️https://t.co/G6gI5NFnXK
#LibrosRecomendados https://t.co/24Ix8I1Pyh",1.3113363377825833e+18
32,2020-09-30 16:05:23,pezoutlaw,"Pez Outlaw, ""Failure after failure doesn't matter, each day you still put one foot in front of the other n do what you can."" #Apple #Disney #Amazon #Netflix: The reasons Pez Outlaw was targeted by Pez Corpora... https://t.co/I9Mwsv15wS",1.3113363497866076e+18
33,2020-09-30 16:01:21,masvendidos,"New post in DESCUENTAZOS #Amazon [CANAL]: DESCUENTO #Amazon 
JBL Proscan Refill 200 g ha bajado un 35.08% (7,02€) de 20,01€ a 12,99€
https://t.co/vVXPndwJlV

#amazon #ofertas #descuentos #chollos https://t.co/Yqn1DJpY0b",1.3113353328566886e+18
34,2020-09-30 16:04:05,amzn_deals_us,https://t.co/u3oW4FjdTk Jocko Molk Parent #Amazon #Deal https://t.co/Dm2TJkBdyn,1.3113360191874335e+18
35,2020-09-30 16:02:50,kingcraigjames,Does 2chainz have 4 #alexa skills and a #podcast on #Amazon? No? #King #Craig #James does. https://t.co/aPbAkJaiqP,1.3113357065774694e+18
36,2020-09-30 16:01:54,rakten_kaden_,"10/01 01:01

炊飯器 一人暮らし 3合 RC-MC30送料無料 
【楽天】6380円
【Amazon】6480円

★楽天で購入すると★
 100円 お得（お得率2％）

↓お得な情報を一覧で確認出来るサイト
https://t.co/kMQYxgL6Rh

#楽天市場 #Amazon #お得 #せどり https://t.co/sQYjOi721Q",1.3113354704254525e+18
37,2020-09-30 16:02:42,a1_barg,https://t.co/8UeMvcyf6j via @eBay #Shopping #shoppingstar #shoppingqueen #ShoppingOnline #purse #Ladies #style #stylish #fashion #fashionnova #Deals #DealsAndSteals #shoppers #Ladieswear #ebayfinds #ebay #womenswear #Fall #Autumn #Thanksgiving #Jewelry #Amazon #AutumnTreats,1.3113356731280138e+18
38,2020-09-30 16:03:15,INTsushinsha,"自分が儲けようと思ったら、協力した相手も儲けさせる。これはもう絶対です。自分だけ儲かろうと思ったら絶対にダメです。人もお金も離れてしまいます。
『お金のない人は知恵を出せ』Kindle版
https://t.co/mM4AsHPkHX #Kindle #amazon #電子ブック",1.3113358094846362e+18
39,2020-09-30 16:02:16,chollosyoferta,"#Chollo #Amazon 82% DESCUENTO Aqua Lung Sport   Conjunto de Gafas y Tubo de esnórquel Combinados para niño, Color azul, talla unica

Precio oferta: 22,54
Reacondicionado: 3,95

    👇👇👇👇👇👇👇
👉 https://t.co/9aTRaJwEMc https://t.co/WMJArBBVSv",1.3113355622767247e+18
40,2020-09-30 16:02:34,INDIEBOOKSOURCE,"THE O'ROURKE SERIES
CLONE DRONES #audiobook US &amp; UK CODES AVAIL 
US   https://t.co/027uJAzKWZ 
UK    https://t.co/dbclZ2o6ra 
AUTHORS RC &amp; JP CARTER
#Books #IARTG #Kindle #Amazon #ReadIndie #indieauthors #ian1 #bookboost
 #Audible #mybookagents https://t.co/3Mc3YLf1ch",1.3113356406891889e+18
41,2020-09-30 16:05:16,kana_ogawa,"【R&amp;BDVD】ベスト10
マイケル・ジャクソン VISION【完全生産限定盤】 [DVD]
https://t.co/P1LP5iCgMC #Amazon",1.311336319528743e+18
42,2020-09-30 16:05:32,kana_ogawa,"【R&amp;BDVD】ベスト10
KODA KUMI LIVE TOUR 2019 re(LIVE) -JAPONESQUE-(Blu-ray Disc)
https://t.co/pcHrNPeXpV #Amazon",1.3113363855261573e+18
43,2020-09-30 16:03:13,ZQUARED1,"Meet Christine Jacob, Director of Finance at ZQUARED!

With strong attention to detail, and a passion for quality customer service, she makes sure all of our partners’ business needs are handled with professionalism and great care.  

#Amazonsellers #Amazon #Amazonbusiness https://t.co/lfE5u9HLuZ",1.3113358024509727e+18
44,2020-09-30 16:05:47,XperienceDope,"Blasting https://t.co/bv8UuEIHb3 - Join the Convo right now on Pretty Dope Xperience Radio aka #BlackPandora

listen now and catch a wave!! https://t.co/VqKFopeoex  #nowplaying #np #RT  #NowStreaming #Streema Download Now #Alexa #GooglePlay #iOSAppStore #Amazon #",1.3113364470735708e+18
45,2020-09-30 16:05:16,MICHELL64959353,The #adventures of Jasper and his Furry #friends #kindle #childrensbook #bedtimestory #dogs #doglover #mustread #picturebook #dogrescue #comical #infants #Amazon #storytime #animation #kindleunlimited #youngsters #school #teacher #Film #Retweetplease https://t.co/q35FimRnFG https://t.co/Ck2HXn2QQl,1.311336320510423e+18
46,2020-09-30 16:02:03,Ctr4FE,"When you use our #AmazonSmile link, #Amazon donates 0.5% of your purchase total to us. Your price doesn’t increase – Amazon’s donation comes from their share of the profit. Start shopping for a cause here: https://t.co/9z1Oq11Odg https://t.co/7EXSRtxWM2",1.311335510632272e+18
47,2020-09-30 16:05:00,kana_ogawa,"【R&amp;BDVD】ベスト10
洋楽DVD 3枚組 フルPV 2020みんなが大好きなR&amp;B尽くし R&amp;B Premium Best Collection - DJ★Sparks 2020最新R&amp;B お祭り系R&amp;B 美メロドライブBGM
https://t.co/IcLTGfj3oB #Amazon",1.3113362535482368e+18
48,2020-09-30 16:02:13,amzn_deals_us,"https://t.co/G8btUoO6r9 VicTsing Mouse Pad, Ergonomic Mouse Pad with Gel Wrist Rest Support, Gaming Mouse Pad with Lycra Cloth, Non-Slip PU Base for Computer, Laptop, Home, Office &amp; Travel, Black #Amazon #Deal # https://t.co/2lqP3MuhwH",1.3113355509100708e+18
49,2020-09-30 16:03:10,bmurphypointman,"#amazon #amazonprime #prime #amazonspecials #affiliateprogram Check my website for my top affiliate programs, referral links, cashback sites, shopping sites and travel sites https://t.co/vBHLD11zwQ",1.3113357883076772e+18
,date,screen_name,tweet,tweet_id
0,2020-09-30 16:00:06,51Rocker,"Last Chance! Would you like to win a $50 Amazon Gift Card or PayPal Deposit? Check out this easy entry Gleam giveaway for a chance to #WIN

Open Worldwide

@GooseGiveaways #wingiftcard #wincash #amazon #paypal #winmoney #sweepstakes #giveaways https://t.co/pm7ix1o8dQ",1.31133501747021e+18
1,2020-09-30 16:00:23,shinchaku,【発売日：2020/09/26】【電子版】少年エース 2020年11月号 [雑誌]  https://t.co/vmYsTCPrzO #amazon,1.3113350886474383e+18
2,2020-09-30 16:00:11,yuki_nagase,"【ソウルDVD】ベスト10
三代目J Soul Brothers LIVE TOUR 2012 「0~ZERO~」 (2枚組DVD)
https://t.co/7VZmQ9IpGk #Amazon",1.3113350388986962e+18
3,2020-09-30 16:01:05,OnlyGearBest,"🌟 [𝗢𝗻𝗹𝘆 𝗚𝗲𝗮𝗿𝗯𝗲𝘀𝘁] 🌟

🔊 Unguento Para el Dolor, Pain Relief Patch, Parches Térmicos, 12 Piezas Autocalentamiento Pegati #amazon

🌍 Enlace: https://t.co/WI6d3Fkdwf

Te esperamos en telegram: https://t.co/mPaN5u2fFj https://t.co/ZceL2ZZTK9",1.3113352640491397e+18
4,2020-09-30 16:00:22,shinchaku,【発売日：2020/09/01】ＬＩＦＥＳＰＡＮ（ライフスパン）―老いなき世界  https://t.co/ywuMePP6Cu #amazon,1.3113350860386755e+18
5,2020-09-30 16:00:36,CoolDealCA,"💲💰
Vcansion Men's Hiking Shorts
#New  price from $10
Coupon code: WVDYFV2U

# #Deals #new #Deals #savings #Amazon  #Deal #ganga

 https://t.co/eogjbDGjZn https://t.co/QOhxOEB18z",1.311335142582096e+18
6,2020-09-30 16:00:25,shinchaku,【発売日：2020/09/04】ヘテロゲニア　リンギスティコ　～異種族言語学入門～　（３） (角川コミックス・エース)  https://t.co/hdtNbaVTAz #amazon,1.311335096235053e+18
7,2020-09-30 16:00:21,yuki_nagase,"【ソウルDVD】ベスト10
三代目 J Soul Brothers LIVE TOUR 2015 「BLUE PLANET」(DVD3枚組+スマプラ)(初回生産限定盤)
https://t.co/bCKPPtf6PY #Amazon",1.311335082817278e+18
8,2020-09-30 16:00:29,shinchaku,【発売日：2020/09/14】山を渡る　-三多摩大岳部録-　3 (HARTA COMIX)  https://t.co/BB8pXY7pNB #amazon,1.3113351133855334e+18
9,2020-09-30 16:00:21,shinchaku,【発売日：2020/09/25】アフタヌーン 2020年11月号 [2020年9月25日発売] [雑誌]  https://t.co/uwmOoekX8i #amazon,1.3113350807874314e+18
10,2020-09-30 16:00:28,shinchaku,【発売日：2020/09/10】NumberPLUS「完全保存版 内田篤人 2006-2020」 (Sports Graphic Number PLUS(スポーツ・グラフィック ナンバープラス))  https://t.co/ODEtTBAAu3 #amazon,1.3113351106802156e+18
11,2020-09-30 16:01:00,Haidji,"""Life is paradoxical, but I believe that I could also...” Click on  https://t.co/Jv4IfVQBpn  
 #quoteoftheday #quotes #kindleunlimited #ebook #paperback #amazon  #inspiration #haidji #bookquotes  #bookquote #goodreads #books #read #reading #booklovers #BookBoost #book https://t.co/MGqKNj5ov8",1.3113352442855875e+18
12,2020-09-30 16:00:48,yuki_nagase,"【ソウルDVD】ベスト10
三代目J Soul Brothers LIVE TOUR 2014「BLUE IMPACT」(DVD2枚組)
https://t.co/l8N6Q9FMZK #Amazon",1.3113351928423096e+18
13,2020-09-30 16:00:26,bmurphypointman,"#twitter #facebook #instagram #socialmedia #amazon #amazonprime Webtalk shares part of its revenue with its affiliates! Just post, like, share. When people also do the above on your posts, you earn! https://t.co/eyZ6imGbFE",1.3113351020315075e+18
14,2020-09-30 16:00:28,darazu8,"クーポンわすれずに！

🚀差額：7515円🚀

【メルメル】
　価格：42999円

【楽天】
　価格：52800円   
🔥実質：35484円🔥

✅クーポン20%
✅SPU10倍
✅店舗 +2倍
✅勝ったら倍 +2倍
#せどり #電脳 #メルカリ #Amazon #キムタク #教場 https://t.co/WUFupwRo4a",1.311335110612906e+18
15,2020-09-30 16:00:24,shinchaku,【発売日：2020/09/26】異世界チート魔術師(9) (角川コミックス・エース)  https://t.co/PGauuUYFtg #amazon,1.3113350923049697e+18
16,2020-09-30 16:00:28,shinchaku,【発売日：2020/08/31】ALL ABOUT namco (ナムコゲームのすべて)  https://t.co/RRLovQYMpi #amazon,1.311335109459665e+18
17,2020-09-30 16:00:27,yuki_nagase,"【ソウルDVD】ベスト10
三代目 J Soul Brothers LIVE TOUR 2017 ""UNKNOWN METROPOLIZ""(DVD3枚組)
https://t.co/bgS1SEl9Eb #Amazon",1.3113351048331837e+18
18,2020-09-30 16:00:11,dealnarwhal,Bluetooth Record Player Belt-Driven 3-Speed Turntable $49.99 https://t.co/qSM5OQJQdT at #Amazon https://t.co/vwJiHgDhN5,1.311335038806614e+18
19,2020-09-30 16:01:03,FinKrypt,"New #India always aspired to go cashless but demonetization gave it the final push. The introduction of UPI by @NPCI made the picture very clear that India is going digital big time #upi #npci #digital #cashless #economy #GPay #paytm #bhim #amazon
@GooglePay @PhonePe_
@Paytm https://t.co/8YDmF5GSTU",1.3113352587683348e+18
20,2020-09-03 18:26:48,LenovoLegion,"Lenovo Legion x @PlayApex
Now is your chance to rise above the rest. 
Unmatched performance, purposeful engineering, modern design.
Gear up with a machine as savage as you are.
Stylish outside.
Savage inside.",1.301587465258578e+18
21,2020-09-30 16:01:06,reinadellowcost,"🌟 [𝗟𝗮 𝗿𝗲𝗶𝗻𝗮 𝗱𝗲𝗹 𝗟𝗼𝘄𝗰𝗼𝘀𝘁] 🌟

🔊 Unguento Para el Dolor, Pain Relief Patch, Parches Térmicos, 12 Piezas Autocalentamiento Pegati #amazon

🌍 Enlace: https://t.co/ItlofuRjTH

Te esperamos en telegram: https://t.co/Jxndx9pJCJ https://t.co/dbO5uARdZF",1.311335268289577e+18
22,2020-09-30 16:00:42,yuki_nagase,"【ソウルDVD】ベスト10
ソウル・パワー [DVD]
https://t.co/bbuKiFxeeB #Amazon",1.311335170910253e+18
23,2020-09-30 16:00:27,shinchaku,【発売日：2020/09/09】どうやら私の身体は完全無敵のようですね　５ (ドラゴンコミックスエイジ)  https://t.co/G37gXHlH6X #amazon,1.3113351070689157e+18
24,2020-09-30 16:01:09,CoolDealCA,"Cuisinart 12 Piece Color Knife Set for $19.99!! 

#freebies #deals #deal #moneysaver #greatdeal #steals #discount #sale #bargain #bargainhunter #cheap #bestprice #Amazon  #Deals #giveaway #Deal #ganga

 https://t.co/JSJdp1osEL https://t.co/3oqjPwmk3A",1.311335280947925e+18
25,2020-09-30 16:01:09,CoolDealCA,"18 Piece Nonstick Pots &amp; Pans Cookware Set only $51.99!!

#freebies #deals #deal #moneysaver #greatdeal #steals #discount #sale #bargain #bargainhunter #cheap #bestprice #Amazon  #Deals #giveaway #Deal #ganga

 https://t.co/PNLdY1Y0Pm https://t.co/AxCK7h3keZ",1.3113352838545408e+18
26,2020-09-30 16:00:06,yuki_nagase,"【ソウルDVD】ベスト10
MAP OF THE SOUL : 7 ~ THE JOURNEY ~(初回限定盤B)(DVD付)
https://t.co/vfuKz2gNRz #Amazon",1.3113350169834783e+18
27,2020-09-30 16:00:07,traveltechca,Check out #Amazon for amazing #deals #blackFriday #shopping #toronto #canada https://t.co/ojHSXB5I5i https://t.co/CiXpTsnd2R https://t.co/h5q7f6rXN1,1.3113350239126405e+18
28,2020-09-30 16:00:52,meinKA_de,"In den #USA liefern die kleinen blauen #Roboter schon #Pakete aus - nun soll in #Baden-Württemberg an der #Software gefeilt werden.  📦 #amazon #meinka #karlsruhe #bawü
https://t.co/Zzyfv3wn6w",1.3113352112931758e+18
29,2020-09-30 16:00:54,pezoutlaw,"Pez Outlaw, ""Pez Corporation initiated a smear campaign against there own product once a client bought that product."" #Apple #Disney #Amazon #Netflix: The reasons Pez Outlaw was targeted by Pez Corpora... https://t.co/I9Mwsv15wS",1.311335220776403e+18
30,2020-09-30 16:00:32,yuki_nagase,"【ソウルDVD】ベスト10
三代目J Soul Brothers LIVE TOUR 2012 「0~ZERO~」 (2枚組Blu-ray Disc)
https://t.co/YwOrOXBg0V #Amazon",1.3113351270965412e+18
31,2020-09-30 16:00:47,chollosyoferta,"#Chollo #Amazon 61% DESCUENTO Predator Galea 350   Auriculares para Videojue

Precio original: 123,93
Precio oferta: 116,31
Reacondicionado: 47,27

    👇👇👇👇👇👇👇
👉 https://t.co/1mYiDvywYP https://t.co/9zA9SKKfUj",1.3113351923013714e+18
32,2020-09-30 16:00:40,konasemama,"🌟Seventeen11月号🌟

「鬼滅の刃」スペシャル号‼ 

【表紙】
Seventeenだけの描きおろしイラスト📝

【特集】
非モテを断ち切る制服着回し、花江夏樹さん×鬼頭明里さんの対談、全集中の呼吸ダイエットと盛りだくさん。

#在庫あり
#SEVENTEEN 
#鬼滅の刃

#Amazon
https://t.co/gdPKUToZ8e",1.3113351628487967e+18
33,2020-09-30 16:00:28,shinchaku,【発売日：2020/09/18】塩対応の佐藤さんが俺にだけ甘い＠comic（１） (裏少年サンデーコミックス)  https://t.co/vPx32DdwpM #amazon,1.3113351120181944e+18
34,2020-09-30 16:00:29,TheInStockRoom,"***New Deal***
Vcansion Men's Hiking Shorts
New price from $10
Coupon code: WVDYFV2U
https://t.co/7HvfuhZGaH
#Deals #newDeals #savings #Amazon https://t.co/hu9AQd1GyY",1.3113351159063142e+18
35,2020-09-30 16:00:41,TheMunyShop,"#TrapTheInternet t-shirts, sweaters and hoodies available now, link in bio #amazon #freeshipping #shopnow #founditonamazon #TheMunyShop https://t.co/Iua71VAFAw",1.3113351637675254e+18
36,2020-09-30 16:00:16,yuki_nagase,"【ソウルDVD】ベスト10
三代目 J Soul Brothers LIVE TOUR 2017 ""UNKNOWN METROPOLIZ""(DVD3枚組)(初回生産限定盤)
https://t.co/E6GvvWxQRe #Amazon",1.311335060805546e+18
37,2020-09-30 16:00:26,shinchaku,【発売日：2020/08/07】自分を操り、不安をなくす 究極のマインドフルネス  https://t.co/GJtcVuQFyJ #amazon,1.3113351031094927e+18
38,2020-09-30 16:00:20,shinchaku,【発売日：2020/09/04】１日外出録ハンチョウ（９） (ヤングマガジンコミックス)  https://t.co/V35Ilv0u0H #amazon,1.3113350791557734e+18
39,2020-09-30 16:01:07,MenudoPaquete,"🌟 [𝗠𝗲𝗻𝘂𝗱𝗼 𝗣𝗮𝗾𝘂𝗲𝘁𝗲] 🌟

🔊 Unguento Para el Dolor, Pain Relief Patch, Parches Térmicos, 12 Piezas Autocalentamiento Pegati #amazon

🌍 Enlace: https://t.co/JML7VzPgVH

Te esperamos en telegram: https://t.co/IbEojfZpa4 https://t.co/de93ORN9tO",1.3113352723370844e+18
40,2020-09-30 16:00:21,a1_barg,https://t.co/Bi1YCT2KFm via @eBay #Shopping #shoppingstar #shoppingqueen #ShoppingOnline #purse #Ladies #style #stylish #fashion #fashionnova #Deals #DealsAndSteals #shoppers #rings #ring #ebayfinds #ebay #womenswear #Fall #Autumn #Thanksgiving #Jewelry #Amazon #AutumnTreats,1.3113350807034266e+18
41,2020-09-30 16:00:25,pezoutlaw,"Pez Outlaw, ""Pez Corporation sold then devalued there own product to destroy a client."" #Apple #Disney #Amazon #Netflix: The reasons Pez Outlaw was targeted by Pez Corpora... https://t.co/I9Mwsv15wS",1.3113350976443105e+18
42,2020-09-30 16:00:38,CamaradeMadrid,"¿Cómo conseguir qué vender más en #Amazon? En nuestro próximo taller online para comercio minorista te damos las claves para que tus productos sean más visibles y estén mejor posicionados. 

5 de octubre
⏰14:30-17:30h
✅https://t.co/aAmqSZQBtU 

#CámaraMadridSiempreContigo https://t.co/eOkmFHGFo7",1.3113351523757384e+18
43,2020-09-30 16:00:17,buybooks_amazon,#BestBooks #Amazon #Novel : THE READERS OF BROKEN WHEEL RECOMMEND --&gt; https://t.co/oHNGqrWfzX,1.3113350663546307e+18
44,2020-09-30 16:00:22,shinchaku,【発売日：2020/09/23】ワンダンス（４） (アフタヌーンコミックス)  https://t.co/FCGbh3KdT6 #amazon,1.311335087401771e+18
45,2020-09-30 16:00:24,shinchaku,【発売日：2020/09/17】彼女、人見知ります（１） (週刊少年マガジンコミックス)  https://t.co/cqAqf8S7kd #amazon,1.311335093731025e+18
46,2020-09-30 16:00:07,2pHixYourHealth,READ FREE here Windsweeping #Amazon books - https://t.co/Nijil73pwg,1.3113350224698122e+18
47,2020-09-30 16:00:20,shinchaku,【発売日：2020/09/04】SPY×FAMILY 5 (ジャンプコミックス)  https://t.co/OaxM5464hs #amazon,1.3113350767734088e+18
48,2020-09-30 16:00:37,yuki_nagase,"【ソウルDVD】ベスト10
三代目 J Soul Brothers LIVE TOUR 2016-2017 “METROPOLIZ""(DVD2枚組)(初回生産限定盤)
https://t.co/HGzIKa1hXz #Amazon",1.3113351489950065e+18
49,2020-09-30 16:00:23,shinchaku,【発売日：2020/09/04】ワンパンマン 22 (ジャンプコミックス)  https://t.co/NVDb2x2WAn #amazon,1.3113350910256456e+18
,date,screen_name,tweet,tweet_id
0,2020-09-30 15:59:07,giovanni0914,"GIOVANNI JIMENEZ TRAINER: Science of Running: Analyze your Technique, Preven... Para tí que eres corredor esto lo debes saber 100% https://t.co/5lI6iiBu9b #amazon #ebook #runners #running #fitness",1.3113347716001096e+18
1,2020-09-30 15:58:46,XperienceDope,"Blasting itsMardi - Pull Up right now on Pretty Dope Xperience Radio aka #BlackPandora

listen now and catch a wave!! https://t.co/VqKFopeoex  #nowplaying #np #RT  #NowStreaming #Streema Download Now #Alexa #GooglePlay #iOSAppStore #Amazon #",1.3113346816322191e+18
2,2020-09-30 15:54:33,CoolDealCA,"💲💰
Lysol Power Toilet Bowl Cleane...
Reduced from $7 to $3

# #Deals #new #Deals #savings #Amazon  #Deal #ganga

 https://t.co/NRYQhF7phI https://t.co/TdPUawrduk",1.3113336198652027e+18
3,2020-09-30 15:58:05,LucileQuimper,"Quimper. Démasqué, Amazon lance son opération séduction #Quimper #Amazon #Finistère @OuestFrance https://t.co/jObsbaoxYe https://t.co/O8hKtswGyv",1.3113345130631946e+18
4,2020-09-30 15:53:54,Momo_Barrier,https://t.co/WgwBg2gBQH #wishlistshopee99 #Amazon amazamaz,1.3113334568953364e+18
5,2020-09-30 16:00:01,AlphaRepricer,"Click below to know more about the 9 useful chrome extensions for Amazon sellers!

https://t.co/a7QdNOTuP7

#Amazon #AmazonRepricer #AlphaRepricer #OnlineSellers #FBA #AmazonBusiness #amazonmarketplace #fbasellers #Iowa #California  #NewYork #Washington #Texas #NewJersey #Alaska",1.31133499702716e+18
6,2020-09-30 15:59:57,chollosyoferta,"#Chollo #Amazon 57% DESCUENTO Epson Workforce es de 60 W

Precio original: 160,15
Precio oferta: 158,81
Reacondicionado: 68,54

    👇👇👇👇👇👇👇
👉 https://t.co/xipL4NPxnt https://t.co/V35qksDrCx",1.311334981910909e+18
7,2020-09-30 15:55:18,kolskystars1,"Perfect time to get Amazon Prime if you don't have it already! Prime Day is coming up Oct 13-14!

https://t.co/ri8qjNPnmp

#ad #primeday #amazon #deals #christmas #shopping",1.311333809816699e+18
8,2020-09-30 16:00:01,AlphaRepricer,"Alpha Repricer is now repricing Amazon UAE.
https://t.co/7Ujpgrf70K

#Amazon #AmazonRepricer #AlphaRepricer #OnlineSellers #bestRepricer #Amazonfba #Amazonsellertool #entrepreneur #fbasellers #uae #dubai #AbuDhabi #Sharjah #Ajman #AlAin #AmazonAE #Jumeirah https://t.co/M7QljYq9xr",1.3113349993046057e+18
9,2020-09-30 16:00:02,StoryMerchant,"#FREE through October 2! @kennja's foundational guide to the writer’s mind &amp; #productivity. Detailed steps of the #creativeprocess interface with the writer’s greatest asset, time.

Your #Amazon Review is Appreciated.
https://t.co/vVR8cXtONM",1.3113350003238298e+18
10,2020-09-30 15:54:27,TheInStockRoom,"***New Deal***
Lysol Power Toilet Bowl Cleane...
Reduced from $7 to $3
https://t.co/BLfTUopKDU
#Deals #newDeals #savings #Amazon https://t.co/r6JElBKmI3",1.3113335951187927e+18
11,2020-09-30 15:56:28,tmsl_info,"[CEEN] シャツ メンズ 長袖 アロハシャツ カジュアル 総柄 大きいサイズ キレイめ 和柄 | シャツ 通販 ...
価格: ￥2,200 - ￥2,860
https://t.co/Q7GIM0NM6c
#Amazon #タイムセール",1.3113341045252055e+18
12,2020-09-30 15:57:46,JA_KindleFireTV,"Dinosaur Assassin: Online Evolution
Amazon FREE DOWNLOAD - Kindle &amp; Fire TV
Visit Amazon now to download for ❗️FREE❗️
Click/Copy below link to download NOW
https://t.co/Wv4UWFTN6g

#dinosaur #dino #firetv #jurassic #jurassicworld #amazon #free #fun #online #multiplayer #game https://t.co/QfQiNpyLjH",1.3113344301376184e+18
13,2020-09-30 15:55:12,lootupdates4u,"Mrp Error :- Colgate Toothpaste (1Kg) for Rs.301

500g x 2

Real Mrp Rs.418

https://t.co/N51b2EpMPI

Wonderchef 3 Burner Gas Stove Rs.2120

https://t.co/e0anqXj3cT https://t.co/TGkjUzt1oN and stock are subject to change #amazon #dealoftheday #flipkart #loot #coronavirus",1.311333786039341e+18
14,2020-09-30 15:58:29,AH0RRAC0M0NUNCA,"🐖 El #CHOLLO del día

👟 ¡¡Zapatillas deportivas #marca #Nike por apenas 18 💶!!

🔸 Para mujer
🔸 Exterior: lona
🔸 Revestimiento: sintético
🔸 Suela: goma

🏪 En #Amazon

CONSÍGUELAS 👉 https://t.co/0ollb6Xg1Z https://t.co/0SwWIZqnMU",1.3113346105052692e+18
15,2020-09-30 16:00:05,AlanSomoza,"¿Buscas #algoparaleer ? ¡El volumen 2 de la aclamada serie de #CienciaFicción #española por fin ha llegado! ¡Descubre el monstruo capitalista que se esconde tras la Confederación! Disfruta de los nuevos singles de Cruzados de las Estrellas en #Amazon , https://t.co/cJDwKujOJF https://t.co/6lg1mbQe7e",1.311335013913428e+18
16,2020-09-30 16:00:04,ChickenColeman,"BenQ EL2870U 28 inch 4K Monitor for Gaming 1ms Response Time, FreeSy... https://t.co/UlITyxfvdr #Amazon",1.311335008569684e+18
17,2020-09-30 15:54:04,AlanSomoza,¡El Tercer Volumen de la #exitosa #saga de #cienciaficcion ya a la #venta! ¡Disfruta de la mejor #cienciaficcion española en #Amazon ! ¡Es la hora de la #venganza ! https://t.co/8BJ31XvGpZ #España #Mexico #lectura https://t.co/Nf7ACo2ZmI,1.3113334991991972e+18
18,2020-09-30 15:58:09,pankomoko,今日はこれやってみた。そんなにくっきりできないけど、可愛い〜と盛り上がる我々▶︎Baby Inkless Handprint and Footprint Kit with 4 Large Size Ink Pads ... https://t.co/P1Loj0pZpB #Amazon,1.3113345284520387e+18
19,2020-09-30 15:58:03,AlanSomoza,"Cruzados de las Estrellas,Volumen 1. #cienciaficcon https://t.co/uFqK8TZvwJ
La colección con más de 2900 ejemplares vendidos gracias a la #igualdad #literaria de #Amazon #Mexico #España #libros #lectura #ebook #literatura https://t.co/VcB81CovgN",1.3113345032904704e+18
20,2020-09-30 16:00:01,Brazyn_Life,"⭐️⭐️⭐️⭐️⭐️
""I run quite a bit when I travel (and travel quite a bit to run), so this has been worth every penny. It really is as sturdy as my home rollers."" - Amazon Reviewer

#Foamroller #amazonreview #Amazon #prime #foamrolling #fitfam",1.3113349960330486e+18
21,2020-09-30 16:00:02,PayPoint,Use cash to top up your @Amazonuk account in any PayPoint store #amazon. Find your local store here: https://t.co/znnCeQbLan https://t.co/N6CHUxcBW1,1.3113350022532096e+18
22,2020-09-30 16:00:03,AlanSomoza,"¿Buscas #algoparaleer ? ¡El volumen 2 de la aclamada serie de #CienciaFicción #española por fin ha llegado! ¡Descubre el monstruo capitalista que se esconde tras la Confederación! Disfruta de los nuevos singles de Cruzados de las Estrellas en #Amazon , https://t.co/cJDwKujOJF https://t.co/IhDlZ9qeov",1.3113350059526308e+18
23,2020-09-30 15:58:37,pezoutlaw,"Pez Outlaw, ""Pez Corporation Committed a $250,000.00 Fraud through Breach of implied Contract."" #Apple #Disney #Amazon #Netflix: The reasons Pez Outlaw was targeted by Pez Corpora... https://t.co/I9Mwsv15wS",1.311334643589931e+18
24,2020-09-30 16:00:02,amantedelcodigo,"Los Dashboards de Amazon Cloudwatch admiten el uso compartido. Esta función permite nuevos usos del Dashboards, incluido intercambio de métricas o la inserción de información en tiempo real en páginas públicas.
#Amazon #Dashboard

👇Para más información

https://t.co/BqgRnVpq06",1.3113350030165033e+18
25,2020-09-30 15:59:11,valseal46,Enter to #Win a #Amazon #GiftCard and Face Mask from @KUAddicts!  https://t.co/ooOzvspKYz,1.3113347875426427e+18
26,2020-09-30 15:54:10,XperienceDope,"Blasting Usher - Bad Girl (Intro) Club) right now on Pretty Dope Xperience Radio aka #BlackPandora

listen now and catch a wave!! https://t.co/VqKFopeoex  #nowplaying #np #RT  #NowStreaming #Streema Download Now #Alexa #GooglePlay #iOSAppStore #Amazon #",1.311333524633514e+18
27,2020-09-30 15:56:53,rakten_kaden_,"10/01 00:56

【お買い物マラソンP2倍。25日はP5倍】【送料無
【楽天】6565円
【Amazon】7700円

★楽天で購入すると★
 1135円 お得（お得率17％）

↓お得な情報を一覧で確認出来るサイト
https://t.co/kMQYxgL6Rh

#楽天市場 #Amazon #お得 #せどり https://t.co/gVaXnVCFgt",1.3113342105824092e+18
28,2020-09-30 15:54:39,Charlie_Cawood,"10. https://t.co/lvM9cVLGBp #bigtimeradio https://t.co/N76xPoatRr @Charlie_Cawood @BigTimeRadio1 @bigtime_news
 on #Amazon Echo &amp; App https://t.co/c7cZfm4MQo  #Top40 #Music 247 #Worldwide 3 #Radio #Stations 43 #Countries #Interviews #Billboard https://t.co/JiPHr6jZyC  #SUBMI",1.311333645735678e+18
29,2020-09-30 15:59:00,MariaLVictoria,"Hay un pre-sale, que sin ser intencionado, deambula en #amazon. Gracias por sus mensajes de felicitación y los veo el 2 de octubre en el lanzamiento oficial. 
#nuevocuento #cuentobilingue #perros https://t.co/VHKx1SWjei",1.3113347407677112e+18
30,2020-09-30 15:59:37,accordingtoloc,"Local reports about Biden and Bolsonaro directly from Amazon and Brazil #Amazon #Brazil #Biden #Bolsonaro #Amazonrainforest

Follow the story in real time here
👇👇👇
https://t.co/jaxxzkzxb4
👆👆👆

https://t.co/ERdgWWaFa6",1.3113348989181993e+18
31,2020-09-30 15:59:20,pezoutlaw,"Pez Outlaw, ""Pez Corporation used a clients ideas to destroy that clients business."" #Apple #Disney #Amazon #Netflix: The reasons Pez Outlaw was targeted by Pez Corpora... https://t.co/I9Mwsv15wS",1.31133482630221e+18
32,2020-09-30 15:53:41,Tetsuji_Miura,"AIC Recommendation Book
顧客視点の企業戦略 -アンバサダープログラム的思考- https://t.co/EVPQ15s6IB #Amazon",1.3113334045546168e+18
33,2020-09-30 15:55:28,hispachollos,"🌀 Wimypet Impermeable Protector de Asiento de Coche para Mascota, Asiento del Coche de Seguridad para Perros Gatos, Material Oxford 600D PVC Inferior con Cinturón de Seguridad para Viaje -59x49x46 cm. #Amazon 🇪🇸

🕘 PRECIO FLASH: 15,2 ...
https://t.co/0f8yQElpw2
#chollo",1.311333852812632e+18
34,2020-09-30 16:00:03,PAPtechnologie,"#Amazon udostępnił nową usługę o nazwie Amazon Explore, umożliwiającą użytkownikom udział na żywo w wirtualnych wycieczkach lub warsztatach, np. kulinarnych. Usługa dostępna jest dla mieszkańców USA, ale koncern chce ją rozszerzyć także na inne rynki.
https://t.co/JFS7kkf2Md",1.311335004199252e+18
35,2020-09-30 15:54:46,GenEarthEvent,Join us in asking @FP_Champagne not to reward the destruction of the #Amazon! 🔥🔥 Immediately halt the Canada-Mercosur free trade deal &gt;&gt; #ActForAmazon #ClimateAction @GreenpeaceCA https://t.co/Vh8jgbW0JM,1.3113336747308278e+18
36,2020-09-30 15:55:01,hbasaran42,#casperturkiye #DestekCasper #VodafoneTR #VodafoneMedya #hepsiburada #GittiGidiyor #mediamarkt_tr #n11com #Teknosa #ciceksepeti #alibabaturkiye #amazon #SikayetvarCom #TketiciHaklar1 #sozluk #FOXhaber #HaberturkTV #Ahaber #ntv,1.3113337408708076e+18
37,2020-09-30 15:54:49,Hyuga0128,"@HarukiKai0628 Amazonほしい物リストを一緒に編集しましょう https://t.co/h6lykJzKKg… #Amazon

#ぴこん
#200倍返し
まってます🙇‍♂️",1.311333689616339e+18
38,2020-09-30 15:57:07,Varihanshop,"💥خصم 80٪💥على 
#بلوزات_رجالي 😍🎉🎊
السعرالاساسي:62.68💲
السعر بعد الخصم: 12.50💲

كوبون الخصم  80OMC58C

https://t.co/HCUDiTSWVW

#عرض_خصم_على_بلوزات_الرجالي_
#على_متجر_امازون
#amazon https://t.co/QvGsOxo8HD",1.3113342657628447e+18
39,2020-09-30 15:53:46,SeventhTony,Why is ANYONE surprised at what @JeffBezos &amp; #amazon does?? Stop using Amazon people! https://t.co/QOm2FgByh6,1.311333426717483e+18
40,2020-09-30 15:54:48,nicksflicks,"Despite what happened last night, it’s a wonderful feeling finding out that “Judy” is on Amazon Prime!!! #judy #reneezellweger #amazon #prime #movie",1.3113336854473196e+18
41,2020-09-30 15:58:30,BaratoDeVerdad,"🐖 El #CHOLLO del día

👟 ¡¡Zapatillas deportivas #marca #Nike por apenas 18 💶!!

🔸 Para mujer
🔸 Exterior: lona
🔸 Revestimiento: sintético
🔸 Suela: goma

🏪 En #Amazon

CONSÍGUELAS 👉 https://t.co/SuiXCJApQq https://t.co/EQhhOCdaZ3",1.311334614145872e+18
42,2020-09-30 15:53:57,pezoutlaw,"Pez Outlaw, To say I had an impact on the Hobby of Collecting Pez is a very big understatement. 
The above list is nowhere near everything.  #Apple #Disney #Amazon #Netflix: The reasons Pez Outlaw was targeted by Pez Corpora... https://t.co/I9Mwsv15wS",1.3113334697426043e+18
43,2020-09-30 15:54:34,AudreyBlackwe18,Join me in asking @FP_Champagne not to reward the destruction of the #Amazon! 🔥🔥 Immediately halt the Canada-Mercosur free trade deal &gt;&gt; #ActForAmazon #ClimateAction @GreenpeaceCA https://t.co/aiv46bPeR2 Please sign.?,1.3113336253429473e+18
44,2020-09-30 15:54:23,GreatBeerNow,"Just saw this on Amazon: Healthy Smoothie Recipe Book: Easy Mix-and-Match Smoothie Recipes for a Healthier You by Koslo PhD  RD  CSSD, Jennifer for $12.15 https://t.co/xpXK6jMmpw via @amazon #Amazon #recipe",1.311333578207355e+18
45,2020-09-30 16:00:00,yuki_nagase,"【ソウルDVD】ベスト10
MISIA SOUL JAZZ BIGBAND ORCHESTRA SWEET&amp;TENDER (DVD)
https://t.co/dS4sJnH5Yp #Amazon",1.3113349950304707e+18
46,2020-09-30 15:59:53,pezoutlaw,"Pez Outlaw, ""Pez Corporation used there own product to destroy a client."" #Apple #Disney #Amazon #Netflix: The reasons Pez Outlaw was targeted by Pez Corpora... https://t.co/I9Mwsv15wS",1.3113349624618967e+18
47,2020-09-30 15:57:44,mediapython,"Seems like a rather ""HANDY"" service #Amazon https://t.co/lPZzAe0uMd",1.311334420851372e+18
48,2020-09-30 15:58:58,ykqcdfvg153,最近Amazonで多数の本が在庫切れを起こしていて、コロナによる人手不足のせいにしているが、実は印刷本からキンドルに誘導する作戦なのではないかと思ってしまう。そっちのが利益率高いから。さすがAmazon。#Amazon #アマゾン,1.3113347320433992e+18
49,2020-09-30 15:53:58,powens997,"Last Chance! Would you like to win a $50 Amazon Gift Card or PayPal Deposit? Check out this easy entry Gleam giveaway for a chance to #WIN

Open Worldwide

@GooseGiveaways #wingiftcard #wincash #amazon #paypal #winmoney #sweepstakes #giveaways https://t.co/niVovrReAt",1.311333473106436e+18
,date,screen_name,tweet,tweet_id
0,2020-09-30 15:49:46,OnlliineShop,"طلبية عميلتي #ايباد_برو_٢٠٢٠ من امازون 11 انش، 128 جيجا مع القلم الجيل الثاني ووصلة USB-C

- شحن عن طريق بريد امريكي 
- التكلفه: 3984 ريال

#Amazon https://t.co/aogFYT1Il8",1.3113324171945943e+18
1,2020-09-30 15:47:34,ClaudiaEpaz,Oh @amazon @JeffBezos you need to stop this. @shaunking @GayleKing @robreiner @iamcardib @RealDLHughley @PattyArquette @taylorswift13 @chrissyteigen @violadavis @DrewBarrymore @4lisaguerrero @TheTalkCBS @ABC2020 @CNN @MSNBC @chrisrock @50cent @MarthaStewart @SusanSarandon #Amazon https://t.co/YGZsAI94u0,1.311331863248728e+18
2,2020-09-30 15:51:02,sheffdeals,"💥LG 50"" 4K Ultra HD Smart TV Alexa Built-In (2020) for $363.99; retail $399.99

Click Link Below 👇
https://t.co/5wa8KTAhoB

#deals #amazon #amazonprime #PresidentialDebate2020 #Debates2020 #debates #BlackTechTwitter #ps5 #gamers #Election2020 #twitch #Apple #Xbox #sheffdeals https://t.co/0KLVRYMoTV",1.311332737140228e+18
3,2020-09-30 15:48:33,CoolDealCA,"💲💰
Vcansion Men's Hiking Shorts
#New  price from $10
Coupon code: WVDYFV2U

# #Deals #new #Deals #savings #Amazon  #Deal #ganga

 https://t.co/eogjbDGjZn https://t.co/8aGalXL67I",1.3113321137912996e+18
4,2020-09-30 15:51:26,hispachollos,"🌀 Corsair A500, Refrigerador de CPU de Doble Ventilador de Rendimiento, Refrigera hasta 250W TDP, Sistema Intuitivo de Montaje de deslizamiento de Ventilador, Ventiladores Corsair ML120, Color Negro. #Amazon 🇪🇸

💶 Precio oferta: 69,9 ...
https://t.co/683ice6osP
#chollo",1.3113328387222282e+18
5,2020-09-30 15:53:03,ITTagesschau,"Amazon One: Die Hand als ""Kreditkarte"" - https://t.co/VsyRcVXr6n - #unique #amazon #electronic #cash #handinnenflache https://t.co/esBlFJMiOG",1.311333242553938e+18
6,2020-09-30 15:52:48,pezoutlaw,I am the only person that large groups of Pez are known as sj glew/Pez Outlaw Pez. #Apple #Disney #Amazon #Netflix: The reasons Pez Outlaw was targeted by Pez Corpora... https://t.co/I9Mwsv15wS,1.311333179463291e+18
7,2020-09-30 15:46:33,chollosyoferta,"#Chollo #Amazon 63% DESCUENTO Roxy   Mono con Tirantes y Cuello Alto   Mujer   L   Blanco

Precio oferta: 54,95
Reacondicionado: 20,2

    👇👇👇👇👇👇👇
👉 https://t.co/qY4TIwmNg8 https://t.co/qnAs5BPYVh",1.31133160880128e+18
8,2020-09-30 15:48:45,creativemm12,"👉https://t.co/zFcUlNhqD0  #amazon👈
💯👉Auto Follower👈💯
💯👉#自動相互フォロー👈💯

#RT企画
#Bad #Bunny #Crocs
#Eric #Trump
#Roe #v. #Wade
#固定ツイートRT
#followergenerator
#autofollower
#f4f
#相互RT
#固定RT
#TeamFollowback
#500ADay",1.3113321620004372e+18
9,2020-09-30 15:46:21,DealVibes,"New The Mandalorian Child Funko Pops Preorder!
      
With Frog; https://t.co/pVvWuH1PlU 
 
With Cup; https://t.co/0ng1m5SBGJ 

Follow @DealVibes for your #ps5 - #xboxseriesx - #nintendo stock alerts!

#gooddeal #outofstock #tips #stockalert #blackfriday #restock #ebay #amazon https://t.co/sibrpeFCu4",1.3113315564645786e+18
10,2020-09-30 15:48:49,ZTt615n,"@HarukiKai0628 開さ〜ん❣️ギブミー😆🤲
お願いします🤗
Amazonほしい物リストを一緒に編集しましょう https://t.co/4ypdWNYWCu #Amazon https://t.co/SPwiqDKagi",1.3113321778676122e+18
11,2020-09-30 15:51:55,pezoutlaw,"Pez Outlaw, ""I conceived n sold the first Crystal (clear plastic) Pez Dispensers.
I conceived n sold the first Glow in The Dark Pez Dispensers."" #Apple #Disney #Amazon #Netflix: The reasons Pez Outlaw was targeted by Pez Corpora... https://t.co/I9Mwsv15wS",1.3113329595139645e+18
12,2020-09-30 15:47:18,hispachollos,"🌀 Meykey Caja Fuerte Pequeña Caja Seguridad 230X170X170 mm, Negro. #Amazon 🇪🇸

🕘 PRECIO FLASH: 29,74€

💶 Precio oferta: 34,99€ 💥

💳 Enlace: https://t.co/adeagxfc4P

✨ 30 días gratis de Amazon Music Unlimited : https://t.co/dnJe9X8AvY ...
https://t.co/kN9qgcoZv4
#chollo",1.3113317960013947e+18
13,2020-09-30 15:49:30,giovanni0914,GIOVANNI JIMENEZ TRAINER: Dieta Cetogénica Plan De 21 Días Para Adelgazar: P... https://t.co/CHVD6eM634 #amazon #dietaketo #21dias #challenge #Diet #ketodiet #ebooks #eBookJapan #ebookjapanまんりょく測定 #eBookJapan #amazonebooks,1.3113323488694477e+18
14,2020-09-30 15:50:23,FrenchToastStyx,#giveaway #Amazon #AmazonGiftCard #giftcards #stream #twitch #tiktok #gamer #cod #gaming #battleroyale #victory #pc #xbox #ps4 https://t.co/LyQdVcVoFV,1.3113325728494715e+18
15,2020-09-30 15:51:26,giovanni0914,"GIOVANNI JIMENEZ TRAINER: Péptidos de colágeno (16 onzas), alimentado con hi... La ingesta diaria de péptidos de colágeno también puede ayudar a contrarrestar los efectos degenerativos del envejecimiento. https://t.co/sXRIo0AUf3 #Amazon #collagenpeptides #colageno #fitness",1.3113328388564214e+18
16,2020-09-30 15:47:50,run_en,"埼玉誕生150周年☆
私が選ぶ150周年を彩る  #ロゴマーク はこれだ！
@saitama150th ではプレゼントCPを実施中！～10/12
抽選で20名に  #Amazon  #ギフト券 500円分を  #プレゼント ♪
 https://t.co/fBCNbhxKJR",1.311331930869121e+18
17,2020-09-30 15:46:43,chollosyoferta,"#Chollo #Amazon 50% DESCUENTO iiyama B2083HSD B1 Monitor LED 49,4cm (19,5"") 1600x900 (VGA, DVI, Regulable en altura, Pivotante) Negro Mate

Precio oferta: 119,0
Reacondicionado: 58,48

    👇👇👇👇👇👇👇
👉 https://t.co/NnWWhtSpc8 https://t.co/gnCm6TrWj3",1.3113316517299855e+18
18,2020-09-30 15:53:20,pezoutlaw,"Pez Outlaw, ""The First Pez Corporation Website ever was created with copies of my pez, with the sole intent to destroy me."" #Apple #Disney #Amazon #Netflix: The reasons Pez Outlaw was targeted by Pez Corpora... https://t.co/I9Mwsv15wS",1.3113333168560783e+18
19,2020-09-30 15:49:42,pezoutlaw,"Pez Outlaw ran Pez Corporation for years.
For those years a significant amount of what Pez Corporation did was in direct response to Pez Outlaw actions and innovations. #Apple #Disney #Amazon #Netflix: The reasons Pez Outlaw was targeted by Pez Corpora... https://t.co/I9Mwsv15wS",1.3113324021453947e+18
20,2020-09-30 15:53:01,Younes42900304,"Use code 5DMONKEY.
DIY 5D Diamond Painting by Number Kits, Full Diamond Rainbow Monkey Cross Stitch Arts Craft Canvas W.

 https://t.co/gcpzg3d7yO /?tag=lpd-twitter-20

#amazon 
+100 Deals Daily !! Join &amp; Enjoy Shopping 😉😉
Click here :https://t.co/OlXJG8NUF2

#TrumpMeltdown",1.3113332362708664e+18
21,2020-09-30 15:51:53,rakten_kaden_,"10/01 00:51

デロンギ 電気ケトル「アイコナ・ヴィンテージ　コレ
【楽天】6664円
【Amazon】6727円

★楽天で購入すると★
 63円 お得（お得率1％）

↓お得な情報を一覧で確認出来るサイト
https://t.co/kMQYxgL6Rh

#楽天市場 #Amazon #お得 #せどり https://t.co/Qn5cRnjLB0",1.3113329504709263e+18
22,2020-09-30 15:49:29,TomDowd4,Public speaking- you can't wing it! Award winning #99cent #amazon #eBook $2.98 paperback $9.98 #audiobook #Toastmasters  https://t.co/YKMYgLrvwB #author #amazon #indiebookblast #Authors #Readers #BookLovers. #indieauthors #selfpub #amwriting #ebook #kindle #writer,1.3113323454594867e+18
23,2020-09-30 15:47:21,chollosyoferta,"#Chollo #Amazon 50% DESCUENTO SAMSONITE S'Cure DLX

Precio oferta: 205,0
Reacondicionado: 102,46

    👇👇👇👇👇👇👇
👉 https://t.co/0h6bTToOnh https://t.co/kXZN0FBdKl",1.3113318080433152e+18
24,2020-09-30 15:53:25,clanfunpayback,"#amazoncrap STILL NO SIGN of delivery!! NOT even on the trashy delivery map👎#amazon really hav gon downhill lately....they’ve lost thousands of £’s from me alone this year, cant b the only one fed up wiv 2nd rate del service?🚾🤯",1.311333338058195e+18
25,2020-09-30 15:51:13,nyckatyc,@slpng_giants @amazon #Amazon seriously?,1.3113327830259466e+18
26,2020-09-30 15:48:08,amyd16323,GIVEAWAY! Enter to #win a $10 #Amazon gift card? Go enter the #giveaway daily for your chance to win from @thatsjustjeni Go enter   https://t.co/sVnqv09ryZ,1.3113320086862356e+18
27,2020-09-30 15:46:02,barbiesway,"NO one can help if you don't TALK to each other #WednesdayWisdom
SEX
WHO decides what's OK?
An online sex/porn habit leads to obsession &amp;
drama
#Amazon #book https://t.co/gfUKHwVLuJ
""Written with raw honesty""
#WednesdayMotivation read
""Not an easy read for me…but glad I did” https://t.co/vdQqCtxax6",1.3113314789957837e+18
28,2020-09-30 15:46:42,QuickShopDeals,"***Great Deal***Low Price***
Melissa &amp; Doug Mickey Mouse &amp; Friends Soft &amp; Cuddly Hand Puppets
Price $14.76*Free Ship*
https://t.co/6sha34NZP0
#amazon #amazondeals #deals #sale #save #savings #shop https://t.co/EatA8XO3pL",1.3113316455895204e+18
29,2020-09-30 15:48:27,TheInStockRoom,"***New Deal***
Vcansion Men's Hiking Shorts
New price from $10
Coupon code: WVDYFV2U
https://t.co/7HvfuhZGaH
#Deals #newDeals #savings #Amazon https://t.co/AwaOW8Lv39",1.3113320887429038e+18
30,2020-09-30 15:47:45,askhatrakhym,"#Amazon представила первую технологию распознавания ладоней — #Amazon #One. В будущем система позволит оплачивать покупки в магазинах или проходить на стадионы и в офисы.
Разработка распознаёт изгибы руки и узоры вен, создавая «отпечаток ладони».",1.311331911185453e+18
31,2020-09-30 15:47:22,chollosyoferta,"#Chollo #Amazon 50% DESCUENTO SAMSONITE S'Cure DLX

Precio oferta: 205,0
Reacondicionado: 102,46

    👇👇👇👇👇👇👇
👉 https://t.co/0h6bTToOnh https://t.co/Tq2gyK2sRm",1.3113318136426004e+18
32,2020-09-03 18:26:48,LenovoLegion,"Lenovo Legion x @PlayApex
Now is your chance to rise above the rest. 
Unmatched performance, purposeful engineering, modern design.
Gear up with a machine as savage as you are.
Stylish outside.
Savage inside.",1.301587465258578e+18
33,2020-09-30 15:46:52,rakten_kaden_,"10/01 00:46

パロマ PA-S42H-L-13A スタンダード 
【楽天】18480円
【Amazon】20694円

★楽天で購入すると★
 2214円 お得（お得率12％）

↓お得な情報を一覧で確認出来るサイト
https://t.co/kMQYxgL6Rh

#楽天市場 #Amazon #お得 #せどり https://t.co/Mb7aNDoQMF",1.3113316902544957e+18
34,2020-09-30 15:48:00,lviscidi,"#Indigenous activists in #Peru´s #Amazon occupied infrastructure belonging to the #Petroperú pipeline, demanding improved social benefits &amp; health care in the face of #COVID19. Petroperú had to halt pipeline operations due to the protests.

https://t.co/7l3qESYbtr https://t.co/S7eZkuNiwZ",1.3113319724179046e+18
35,2020-09-30 15:52:34,cndzixgr,"単身赴任を楽しむにはAmazon王国への入国がおすすめです。

とりあえずAmazonプライム契約しておけばオーケー🤗

もうすぐプライムデーも来るしね😆

https://t.co/doYrLB7ffb
#Amazon #単身赴任 #ブログ更新",1.3113331225673605e+18
36,2020-09-30 15:47:25,dannyvena,"Look Out #AmazonPrime, 11% of Americans Have Already Subscribed to #WalmartPlus  @themotleyfool #stocks #ecommerce #retail #Walmart #Amazon $WMT $AMZN https://t.co/mDBZmMrZjO",1.3113318253152297e+18
37,2020-09-30 15:47:17,pezoutlaw,"Pez Outlaw, ""From day one I was borrowing against our bills to keep going. I never had the luxury of taking my time"" #Apple #Disney #Amazon #Netflix: The reasons Pez Outlaw was targeted by Pez Corpora... https://t.co/I9Mwsv15wS",1.311331791651967e+18
38,2020-09-30 15:50:33,akidamon68427,"@HarukiKai0628 その中の一人に入りますように！！

Amazonほしい物リストを一緒に編集しましょう https://t.co/iPBTTmYAcY #Amazon",1.3113326172669747e+18
39,2020-09-30 15:51:32,creativemm12,"👉https://t.co/TvhHzN0zq1 #amazon👈
💯👉Auto Follower👈💯
💯👉#自動相互フォロー👈💯

#FollowBack
#Bad #Bunny #Crocs
#Tottenham #vs #Chelsea
#Mac #Davis
#500ADay
#autofollower
#followergenerator
#TeamFollowback
#f4f
#拡散希望RTお願いします
#bts
#seventeen",1.3113328638585405e+18
40,2020-09-30 15:51:59,DealsNQuiz,"#Amazon | OnePlus 8T 5G Quiz Answers

Answer 1:- 120
Answer 2:- OxygenOS
Answer 3:- 65
Answer 4:- Warp Charge
Answer 5:- 14th Oct https://t.co/Lap8wlBmRc",1.3113329753808486e+18
41,2020-09-30 15:46:32,IvaLiou,"I work for a pretty awesome company that has partnered with #amazon and this was a location they have leased in #houstontx that had some awesome #graffiti artwork on the building! #michelin #sales #b2b @ Houston, Texas https://t.co/i7wtmKDzgc",1.3113316057561539e+18
42,2020-09-30 15:53:08,giovanni0914,GIOVANNI JIMENEZ TRAINER: Keto Diet En Español: Keto Diet Cookbook for Quick... https://t.co/KOTz8rsgVM #ketodiet #keto #Ketogenic #Diet #dieta #ebooks #amazon,1.3113332646075802e+18
43,2020-09-30 15:50:48,query1000,"売れてるメモリー、VENGEANCE PRO RGB。和訳すると「復讐のプロ。赤緑青」なんだそれ

CORSAIR DDR4-3200MHz デスクトップPC用 メモリモジュール VENGEANCE RGB PRO シリーズ 16GB ... https://t.co/9AQUS80u0t #Amazon",1.311332677023273e+18
44,2020-09-30 15:46:10,chollosyoferta,"#Chollo #Amazon 69% DESCUENTO Pentax K S2+18 50WR   Cámara fotográfica digital, color negro

Precio oferta: 1119,99
Reacondicionado: 341,88

    👇👇👇👇👇👇👇
👉 https://t.co/xhM9M9H5Wx https://t.co/Jo0LEUcJVw",1.3113315133598966e+18
45,2020-09-30 15:48:01,MrTimZak,"Guys my #rhyming #kidsbook ""The Duck Who Has Bad Luck"" #childrensbooks #eBook on #Amazon #Kindle https://t.co/QxZnx1I2NF",1.3113319764781834e+18
46,2020-09-30 15:47:12,giovanni0914,GIOVANNI JIMENEZ TRAINER: adidas Fab Climalite Essentials - Mallas de entren... https://t.co/mtRCSQqHXQ #amazon #leggins #adidas #sports #fitness,1.311331772521681e+18
47,2020-09-30 15:53:12,nanana_mchan_,"@HarukiKai0628 ぴこん💡かぴえん🥺かぱおん🐘ならぴこんがいい！！！！！！
#春木開に届け 
#200倍返し
https://t.co/NZk3f4Guxw #Amazon",1.3113332810784686e+18
48,2020-09-30 15:48:15,pezoutlaw,"Pez Outlaw, ""I'd return from a trip to Europe with a haul of pez dispensers. 2 weeks, next week n sometimes land at my next show. Sell $12,000.00 worth of pez then 2 weeks later return to Europe"" #Apple #Disney #Amazon #Netflix: https://t.co/I9Mwsv15wS",1.3113320360708383e+18
49,2020-09-30 15:46:37,XperienceDope,"Blasting Lizzo, Ariana Grande - Good As Hell right now on Pretty Dope Xperience Radio aka #BlackPandora

listen now and catch a wave!! https://t.co/VqKFopeoex  #nowplaying #np #RT  #NowStreaming #Streema Download Now #Alexa #GooglePlay #iOSAppStore #Amazon #",1.3113316236407194e+18
,date,screen_name,tweet,tweet_id
0,2020-09-30 15:45:40,giovanni0914,GIOVANNI JIMENEZ TRAINER: Reebok Womens  Compression Athletic Pants Para tií que entrenas como  un profesional !  https://t.co/SRvTIkacck #Amazon #leggins #Reebok #apparel #fitness,1.31133138589909e+18
1,2020-09-30 15:41:49,SplicePackages,"Online Shopping from USA is easy with Splice Packages LLC🛒🛍

Shop from any store of your choice, and Ship from USA to your Address anywhere in the World 📦✈🏠

#ShopandShip Now ➡ https://t.co/WBccpmz26i

#shopandship #onlineshoppingUSA #Amazon #ebay #walmart #BestBuy #macys https://t.co/fmIkzeYQuJ",1.3113304153371894e+18
2,2020-09-30 15:45:32,gomesisabella,"Confira esta oferta da Amazon: Garra. O Poder da Paixão e da Perseverança por Renata Guerra https://t.co/U9qjlMYxVX via @amazon 

#desafio777 #olegado #grit #garra #book #livro #primorico #entusiasmo #amazon #ficaadica #maça🍎",1.3113313517785375e+18
3,2020-09-30 15:42:17,isenthil,Faster Querying with Serverless Materialized Views by @mark_heath https://t.co/tIEEIKraG6 #cloud #aws #azure #miccrosoft #amazon #shoutout #DEVCommunity,1.3113305362547712e+18
4,2020-09-30 15:42:17,bmurphypointman,"#amazon #amazonprime #Amazonspecials #prime  Check my website for my top affiliate programs, referral links, cashback sites, crypto sites, shopping sites, travel sites, and business needs https://t.co/vBHLD11zwQ",1.3113305344470876e+18
5,2020-09-30 15:46:00,chollosyoferta,"#Chollo #Amazon 54% DESCUENTO REPLAY M3563 .000.21842 Sudadera, Blanco (White 1), X Large para Hombre

Precio oferta: 46,23
Reacondicionado: 21,18

    👇👇👇👇👇👇👇
👉 https://t.co/oy9raFLjXE https://t.co/zTGI8zwG08",1.3113314704689603e+18
6,2020-09-30 15:43:57,miraiwahana,"@HarukiKai0628 200倍返しある！ある‼

Amazonほしい物リストを一緒に編集しましょう https://t.co/gYxT9iCajn #Amazon",1.3113309559702774e+18
7,2020-09-30 15:45:17,ShoppingAgent1,Prime dauerhaft kostenlos https://t.co/7eujz7jnQa #Amazon #prime,1.3113312893672735e+18
8,2020-09-30 15:45:30,sumonroymon,"God Bless America T-shirt Design

Order Here: https://t.co/jHGsMGjdgN

Portfolio Design: https://t.co/SahkF4DC35
#GodBlessAmerica #tshirtprinting #tshirt #shirts #teespring #Amazon #clothing #fashion #graphics #cute #Fiverr #esty #apparel #white #black #wear #CHANYEOL https://t.co/nCSKeCbPDR",1.3113313452058706e+18
9,2020-09-30 15:42:44,Dmian0570,"Love track incomming 🥰

#Album #Music #Rap #HipHop #Dutch #Trap #Barz #Dance #Songs #Spotify #Itunes #Deezer #Amazon #GoogleMusic #Platforms #Netherlands #Holland #Turkey #turkishbeat https://t.co/gTS4AhBwYs",1.3113306485531238e+18
10,2020-09-30 15:44:44,nanana_mchan_,"@HarukiKai0628 気づいてくれるかな🥺💗💗💗
https://t.co/NZk3f4Guxw #Amazon https://t.co/zInVt4Y7Mf",1.3113311529305498e+18
11,2020-09-30 15:42:00,Haidji,Watch  this #bookquote #challenge on #tiktok - Click on  https://t.co/Kv4ClNM09f    #quoteoftheday  #books #quotes #bookquotechallenge  #tiktokquotes #Haidji #booklover #bookstagram #dailyquote #booktok #amazon #quote #reading  #booklove  #tiktokchallenge  #tiktok #read #book,1.3113304625106002e+18
12,2020-09-30 15:43:00,espaldacubierta,"🔥 CHOLLO Batidora Amasadora 1000W Repostería con envío #gratis en #Amazon 

✅ ENLACE: https://t.co/0OwJr1l9qY👈

#Repostería #FelizDia #BuenosDiasATodos #BuenosDías #chollos #compras #rebajas #españa https://t.co/yIDzo9faTC",1.3113307141979996e+18
13,2020-09-30 15:43:37,giovanni0914,"GIOVANNI JIMENEZ TRAINER: Para ti que entrenas y necesitas mantener una buena alimentacion y una ingesta de proteínas balanceada, Prueba estas cookies 
Lenny &amp; Larry's The Complete Cookie https://t.co/MbyoIjvtQu #amazon #cookies #protein #proteincookies #lennyandlarry",1.3113308687792005e+18
14,2020-09-30 15:42:50,XperienceDope,"Blasting Teyana Taylor, King Combs - How Do You Want It (Club) right now on Pretty Dope Xperience Radio aka #BlackPandora

listen now and catch a wave!! https://t.co/VqKFopeoex  #nowplaying #np #RT  #NowStreaming #Streema Download Now #Alexa #GooglePlay #iOSAppStore #Amazon #",1.311330674771669e+18
15,2020-09-30 15:44:03,pezoutlaw,"Pez Outlaw, ""Over 700,000 pez were hand carried by me personally between Europe and the USA Total"" #Apple #Disney #Amazon #Netflix: The reasons Pez Outlaw was targeted by Pez Corpora... https://t.co/I9Mwsv15wS",1.3113309806455316e+18
16,2020-09-30 15:43:28,smarthomerevs,#Amazon #Echo Now Works With #Wink https://t.co/gZCrQskI92 #alexa,1.3113308318526218e+18
17,2020-09-30 15:44:07,harukiudisuki,Amazonほしい物リストを一緒に編集しましょう https://t.co/BJqLZ5n0un #Amazon,1.3113309962775306e+18
18,2020-09-30 15:45:16,TheSmartTiles,"Aujourd‘hui 💥 Promo https://t.co/JWojnlsF2p 

Profitez de 15% de rabais sur plusieurs modèles Smart Tiles sélectionnés !
Jusqu‘à épuisement des stocks.

https://t.co/gGqcFgVb6a

#smarttiles #promotion #amazon #sale #offer #solde https://t.co/UoalWtkwuq",1.311331285852455e+18
19,2020-09-30 15:45:02,RosMathieson,Tweet thread from #Brazil president #Bolsonaro in response to #Biden's comments on the #Amazon. Zing. https://t.co/9aCJ3JXrCI,1.3113312261926748e+18
20,2020-09-30 15:44:36,TCLovejoy1,My third novel is available on Amazon. Please take a chance and pick up your copy today. Charlie won’t disappoint you 😀🙃 #kindle #KindleUnlimited #KindleBooks #ebooks #amazon #gay #lgbtq #gaywriter #gayauthor #gayhorror #horror#vampire @goblin #wizard https://t.co/jIxG8GLvcr,1.3113311169183007e+18
21,2020-09-30 15:45:15,amitabhisgood,"Book#1 of #Shortstories series from accidental #author Amitabh Choudhury, now on #kindleunlimited. 

Title: Thank you 
Sub-title: Short #family story

Get it from #Amazon: 
#USA: https://t.co/ostZknESt7

#NewYork #California #Florida #Miami #LA",1.3113312829038592e+18
22,2020-09-30 15:42:20,bmurphypointman,"#amazon #amazonprime #Amazonspecials #prime Check my website for my top affiliate programs, referral links, cashback sites, crypto sites, shopping sites, travel sites, and business needs https://t.co/dOyEKjm6nN https://t.co/jvG4dF0HSi",1.31133054706765e+18
23,2020-09-30 15:43:21,creativemm12,"&lt;Current Weather&gt;
Los Angeles
Temperature: 75.94°F/ Status: haze
👉https://t.co/SvBO2eXwdp #amazon👈
💯👉Auto Follower👈💯
💯👉#自動相互フォロー👈💯

#TeamFollowback
#Yankees
#Tottenham #vs #Chelsea
#Mac #Davis
#フォロバ100パーセント
#FollowBack
#follow",1.311330804404949e+18
24,2020-12-04 16:50:25,ProcterGamble,"Everyone has the power to do SOMETHING. Tune in at 7 p.m. Dec. 10 to #TriState Strong: Getting to Zero to be inspired by how your neighbors &amp; familiar faces from health care, media and business have pulled together #TriStateStrong #GettingToZero",1.3349028910736097e+18
25,2020-09-30 15:44:04,OfficialMStrain,"Trumps 'merica, where even @amazon is selling a terrorists white supremacists groups merchandise. Got anything to say #amazon ? https://t.co/PIHnBcWyUN",1.3113309842191032e+18
26,2020-09-30 15:42:32,CoolDealCA,"💲💰
Vcansion Men's Ski Jacket
Reduced from $65 to $32
Coupon code: TGXS6DHC

# #Deals #new #Deals #savings #Amazon  #Deal #ganga

 https://t.co/51JWwHCqJF https://t.co/Vw44Y4mbHJ",1.311330598208893e+18
27,2020-09-30 15:43:57,johndoo,Amazon Echo : une offre de reprise pour les anciens modèles https://t.co/QfqXQqf7f7 Une très bonne initiative ! #amazon @AmazonFrance,1.3113309529044214e+18
28,2020-09-30 15:42:20,bmurphypointman,"#amazon #amazonprime #Amazonspecials #prime Check my website for my top affiliate programs, referral links, cashback sites, crypto sites, shopping sites, travel sites, and business needs https://t.co/dOyEKjm6nN https://t.co/ZgQFf4gPvK",1.3113305466902077e+18
29,2020-09-30 15:45:24,chollosyoferta,"#Chollo #Amazon 50% DESCUENTO Panasonic RP DH 1200   Auriculares de diadema abiertos, plateado (Versión Importada)

Precio oferta: 199,5
Reacondicionado: 98,75

    👇👇👇👇👇👇👇
👉 https://t.co/izeg4hICbw https://t.co/wysEdB9My4",1.311331321092997e+18
30,2020-09-30 15:41:30,felixfelicismc,"It's mean 'avcunu yalamak' 
#amazon https://t.co/FEKYMpaQab",1.3113303387911373e+18
31,2020-09-30 15:45:17,CoolDealCA,"Sun Joe Electric Leaf Blower only $17.24!!

#freebies #deals #deal #moneysaver #greatdeal #steals #discount #sale #bargain #bargainhunter #cheap #bestprice #Amazon  #Deals #giveaway #Deal #ganga

 https://t.co/NQZRpWFtew https://t.co/WqBLd4prhg",1.3113312881802322e+18
32,2020-09-30 15:45:16,TheSmartTiles,"Today 💥 Flash sale https://t.co/jQMtVr6Jrp
15% off on selected Smart Tiles styles!
Valid until stocks last

https://t.co/vsLLJ9Mvr5

#smarttiles #promotion #amazon #sale #offer https://t.co/qQfQAa72Dz",1.3113312852190536e+18
33,2020-09-30 15:44:22,Braders_GTTO,"Frontline #Amazon staff are still packed together in unsafe warehouses. Please join me and add your name to this open letter to @JeffBezos: 

https://t.co/cXR2spFk2s",1.3113310611384197e+18
34,2020-09-30 15:43:15,free201707,"https://t.co/nI7e3nKET2

ブログ定期的に更新中

＃せどり　＃転売　＃Amazon",1.3113307765463368e+18
35,2020-09-30 15:45:51,TCLovejoy1,@Thegodwithin1 Third book in the series. Give Charlie a chance he won’t disappoint 😀🙃#kindle #KindleUnlimited #KindleBooks #amazon https://t.co/jIxG8GLvcr,1.3113314331939553e+18
36,2020-09-30 15:41:38,Galitt_officiel,"Amex and Amazon launch new co-branded cards for UK SMEs

https://t.co/V9t2Sswmuu

#amex #Amazon #cards #Banking #Finance #Retail https://t.co/YI6kNKiSXl",1.311330371020165e+18
37,2020-09-30 15:42:26,TheInStockRoom,"***New Deal***
Vcansion Men's Ski Jacket
Reduced from $65 to $32
Coupon code: TGXS6DHC
https://t.co/3ljkB30xUz
#Deals #newDeals #savings #Amazon https://t.co/CejI68iUKR",1.31133057338701e+18
38,2020-09-30 15:45:16,TheSmartTiles,"Today 💥Flash sale https://t.co/JWojnlsF2p
 
15% off on selected Smart Tiles styles!
Valid until stocks last

https://t.co/UvxgyrDwwD

#smarttiles #promotion #amazon #sale #offer #solde https://t.co/euC1sBrmjp",1.3113312847870935e+18
39,2020-09-30 15:41:45,serigorinc,"Should you learn Google Cloud over AWS or Azure? There’s a good reason to say yes
https://t.co/UbteQddqy9

#amazon #azure #aws #googlecloud #serigor",1.3113303990423757e+18
40,2020-09-30 15:45:46,Vafionsystems,"Amazon Launches A Virtual Tours And Experience Platform, Amazon Explore

https://t.co/BoiqONq0rg

#vafion #amazon #amazonexplore #virtualtour https://t.co/lhzdnpzw0R",1.3113314102597263e+18
41,2020-09-30 15:45:41,pezoutlaw,"Pez Outlaw, ""I operated in an underground black market Pez economy for 10 years. Making me a Pez Outlaw. 
A man on the run with a giant bulls-eye on my back. "" #Apple #Disney #Amazon #Netflix: The reasons Pez Outlaw was targeted by Pez Corpora... https://t.co/I9Mwsv15wS",1.3113313888184238e+18
42,2020-09-30 15:44:59,LoyaltyLionHQ,"On October 6th, we'll be joining @TargetBay as a special guest for a #webinar all about how to compete against #Amazon with reviews!

We’ll be tackling how to use loyalty to generate #reviews and how reviews increase customer #loyalty.

Save your spot ⬇️ https://t.co/Ykyo5fVINT",1.3113312145072456e+18
43,2020-09-30 15:41:42,Jyujyu888Mina,"講談社『ショートショートの花束7』　
https://t.co/fG5FVehOvw　#Amazon
https://t.co/cslLV0GC2l　#rbooks
天才が完成させた「振られずに告白できるシステム」とは
拙作『アプリケーション』
掲載されております！m(_ _)m",1.3113303860944323e+18
44,2020-09-30 15:43:05,pezoutlaw,"Pez Outlaw, ""I smuggled roughly 1.5 million pez dispensers into the USA from Europe, Asia, Africa, Australia n Canada. "" #Apple #Disney #Amazon #Netflix: The reasons Pez Outlaw was targeted by Pez Corpora... https://t.co/I9Mwsv15wS",1.311330736834859e+18
45,2020-09-30 15:41:52,rakten_kaden_,"10/01 00:41

掃除機 コードレス 紙パック 紙パック式 スティッ
【楽天】9970円
【Amazon】10194円

★楽天で購入すると★
 224円 お得（お得率2％）

↓お得な情報を一覧で確認出来るサイト
https://t.co/kMQYxgL6Rh

#楽天市場 #Amazon #お得 #せどり https://t.co/DpNYqP6pth",1.311330429690024e+18
46,2020-09-30 15:44:50,BubbyFlo,"Aux Etats-Unis, #Amazon accusé de cacher l’ampleur des accidents du travail https://t.co/kFEIGGm972 via @20minutes",1.311331177735893e+18
47,2020-09-30 15:41:51,innovativeedito,"I will do background removal for #Amazon or other online stores.
Feel free and check out my previous #backgroundremoval work:https://t.co/yUnyp1ksta
For more details: https://t.co/pGsn3fN4x3
#money #cryptocurrency #Ethereum #DigitalMarketing 
#photoeditting https://t.co/EgsgMpyvb5",1.3113304244387553e+18
48,2020-09-30 15:44:16,dyzulll,I can’t wait to call my sister @ndahechrln “my ex-sister” in case we fight 🤣 I got it from the memoirs 🤣🦋 @mariahcarey  #themeaningofmariahcarey #flappy #mariahcarey #amazon https://t.co/Vr1VQLJ5Ql,1.3113310333342597e+18
49,2020-09-30 15:44:36,pezoutlaw,"Pez Outlaw, ""Amount of money spent buying Pez worldwide, well over 2 million dollars. "" #Apple #Disney #Amazon #Netflix: The reasons Pez Outlaw was targeted by Pez Corpora... https://t.co/I9Mwsv15wS",1.311331117446959e+18
,date,screen_name,tweet,tweet_id
0,2020-09-30 15:37:04,roccodallas,"Cardano's real competition is not who you'd expect, says new Cardano Foundation CEO https://t.co/tbdqKSyaE4 #Cardano #Google #Amazon #Alibaba https://t.co/VWlgcRrrv8",1.3113292236807455e+18
1,2020-09-30 15:35:14,CoolDealCA,"Canon PowerShot SX530 Digital #Camera for $199!! (Retail: $379)

#freebies #deals #deal #moneysaver #greatdeal #steals #discount #sale #bargain #bargainhunter #cheap #bestprice #Amazon  #Deals #giveaway #Deal #ganga

 https://t.co/GhG3WGfymd https://t.co/XtqMRiAIeG",1.311328759522394e+18
2,2020-09-30 15:40:00,shadowconn,"How to Get Started with Amazon Affiliates

Are you thinking about monetizing your website beyond Google or alongside Google Adsense? If you are, affiliate programs, like Amazon, make sense.

#affiliatemarketing #monetizing #advertising #amazon

https://t.co/OKIQ6AUruV",1.3113299608130437e+18
3,2020-09-30 15:40:39,egiftcardtoday,"¡Códigos Digitales!
¡Juegos! ¡Membresía! 
#TiendaOnline
#TiendaOnlineCaracas
#Amazon
#AmazonVenezuela
#VentaGiftCard
#VentasEnCaracas
#VentasCaracas
#CaracasVentas
#Caracas
#ComprasOnline
#AmazonGiftCard https://t.co/jizV98C1uk",1.311330124843774e+18
4,2020-09-30 15:36:26,XperienceDope,"Blasting Wale, Jeremih - On Chill (Club) right now on Pretty Dope Xperience Radio aka #BlackPandora

listen now and catch a wave!! https://t.co/VqKFopeoex  #nowplaying #np #RT  #NowStreaming #Streema Download Now #Alexa #GooglePlay #iOSAppStore #Amazon #",1.3113290606861025e+18
5,2020-09-30 15:38:53,yuma_siro,"10月になりました。
10月31日が私の誕生日なのですが、今年の私はもう本当に本当に辛い事がたくさんなので、誕生日くらいは楽しく過ごしたい！と思い、プレゼント募集します…。
どうぞよろしくお願いします。
https://t.co/8yLPZ0bMV8 #Amazon",1.311329678771155e+18
6,2020-09-30 15:40:58,NanniePea4Kids,"Have you Received your book yet? Post a Picture and don't forget to leave a review on Amazon! 😀 We love all our readers!

#nanniepea #nanniepea4kids #blackauthors #childrensbooks #booksforkids #childrensillustration #raisingreaders #blackgirlmagic #nightmareinmyworld #amazon https://t.co/zC0rxMNr8E",1.3113302023377797e+18
7,2020-09-30 15:37:02,crypto__mak,"Cardano's real competition is not who you'd expect, says new Cardano Foundation CEO https://t.co/4ECYOU68me #Cardano #Google #Amazon #Alibaba #Tezos",1.3113292150614753e+18
8,2020-09-30 15:35:14,GratisCasi,"⁠ MINI PRECIO #Amazon

Riñonera impermeable

AHORA 4.99€
Antes 9.99€ (- 5.00€)

: https://t.co/X3DaulS8hU

Más chollos en OFERTACULAR
https://t.co/1aLHIgE0D3 https://t.co/Q8QrKWdNrm",1.311328760344572e+18
9,2020-09-30 15:35:42,kana_ogawa,"【ジャズDVD】ベスト10
MISIA SOUL JAZZ BIGBAND ORCHESTRA SWEET&amp;TENDER (DVD)
https://t.co/xs76JoaIwD #Amazon",1.31132887971849e+18
10,2020-09-30 15:36:51,creativemm12,"#ADOME Women Sexy Negligee Lingerie Lace Teedy Bodysuit Mini Babydoll Lingerie Deep V Nightwear(Pink,S) #ADOME for $18.99 
https://t.co/mvr3zxuzKT
#RT企画
#marketing
#amazon
#Eric #Trump
#Spitting #Image
#Mid-Autumn #Festival",1.3113291660048957e+18
11,2020-09-30 15:36:05,JPICONS,La CNMC declara a #Amazon como operador postal y deberá adaptarse a la normativa: qué puede cambiar a partir de ahora https://t.co/TXDSmB7oaE,1.3113289750761554e+18
12,2020-09-30 15:38:52,jaumegaldeano_,"#7octubre a la venta en #Amazon el #bestseller ""Si no aportas no importas"" de @GuillemRecolons ya en preventa!! 

¿Te lo vas a perder?

https://t.co/2qZyYIkZkU

#SiNoAportasNoImportas #MarcaPersonal #PersonalBranding #LecturaRecomendada #LibrosRecomendados",1.311329674610565e+18
13,2020-09-30 15:38:37,lokeshk309,"#AmazonQuiz
Waiting for this with #Amazon https://t.co/GlobDlQDXG",1.311329612517929e+18
14,2020-09-30 15:35:14,bmurphypointman,#amazon #amazonprime #prime #travel #parking #airport Save Big on Airport Parking. Check for discount airport parking on https://t.co/Hk21gwU6Ai,1.3113287613344276e+18
15,2020-09-30 15:35:27,kana_ogawa,"【ジャズDVD】ベスト10
ブルーに生まれついて [DVD]
https://t.co/gE09pf9XWQ #Amazon",1.3113288136288133e+18
16,2020-09-30 15:36:28,twofatchimps,"OH YES. 💯🤣
.
Like this? Get this in the link below:
https://t.co/u5bgnsC6PU
.
#TwoFatChimps #Funny #Sarcastic #Sarcasm #Gift #GiftIdeas #Teepublic #Etsy #Amazon #Redbubble #ShoppingOnline #OnlineShopping #Shopping #Shop #Online #Adulting #AddtoCart #EtsyDeals #Etsyshopping https://t.co/NA73squSGq",1.3113290698210796e+18
17,2020-09-30 15:37:53,Tessa__Romero,"Gracias por vuestras opiniones de ""24 Minutos en el otro lado: Vivir sin miedo a la #muerte"". #Libro basado en hechos reales 📚 En #Amazon⬇️
https://t.co/3DDQmwqEt4 #LibrosRecomendados #Kindle #Leer  #LeerEsVivir #QuéLeer #Lectura #LecturaRecomendada #Kindle #KindleUnlimited https://t.co/MMrDwcnib2",1.3113294266516111e+18
18,2020-09-30 15:40:03,Lapequenaasia,"🛠️ Taladro Percutor a Batería, TECCPO 60Nm Brushless Atornillador Bateria18V, 2×2.0Ah Baterías de Litio, 30min Cargador Rápido, 21+3 Ajustes Par, 35 Accesorios
Precio: 9️⃣0️⃣€
cupon de 20€
#Amazon

👉https://t.co/JwNg8mQh6a https://t.co/gk1vQZ5VxX",1.3113299747759596e+18
19,2020-09-30 15:35:37,kana_ogawa,"【ジャズDVD】ベスト10
真夏の夜のジャズ [DVD]
https://t.co/mF6BdNOR3X #Amazon",1.3113288574844396e+18
20,2020-09-30 15:37:59,WilliamPaddock,".@Amazon is launching a new label that will its consumers to know which products meet one of 19 certifications for #sustainability. This transparency works in #Amazon's favor and helps shoppers be more conscious of their individual #impact. 
https://t.co/CKJXnqH7Fi https://t.co/hKqsvcfB1C",1.3113294523795825e+18
21,2020-09-30 15:36:39,VoiceTechCarl,"Don't miss Speech Processing for Disease - Dr. Ami Moyal, Afeka College - Voice Tech Podcast ep.076 &gt;&gt; https://t.co/K0WePvmAlR &gt;&gt; via @VoiceTechCarl &gt;&gt; #Podcast #VoiceFirst #HomePod #UX #Design #Amazon https://t.co/xmI2p0yOhr",1.311329115207856e+18
22,2020-09-30 15:40:12,Shubham28183,"@chetan_bhagat @amazonIN
Thanks for delivering book in 1 days .
thanks @chetan_bhagat sir to provide signed copy.
#OneArrangedMurder 
#Amazon https://t.co/rmJhEkjQdr",1.3113300115094528e+18
23,2020-09-30 15:39:38,hispachollos,"🌀 Proyector WiFi, FANGOR Mini Proyector Portátil Bluetooth Proyector 5500 lúmenes Proyector de Cine en casa Nativo 720P con Pantalla de 200 "", Compatible con TV Stick/PS4/HDMI/VGA/AV/USB/Android/iOS. #Amazon 🇪🇸

🕘 PRECIO FLASH: 84,99 ...
https://t.co/23Y8D02UOd
#chollo",1.311329869742125e+18
24,2020-09-30 15:40:37,CoolDealCA,"💲💰
ESR Cases for #iPhone 11, 11 Pr...
#New  price $4.99

# #Deals #new #Deals #Discounts #Amazon  #Deal #ganga

 https://t.co/pzYxmSvcdx https://t.co/b7jLbzHOpN",1.3113301157254636e+18
25,2020-09-30 15:35:17,lootupdates4u,"Pack of 2 formal shirt Rs 449

https://t.co/5YvMPLKeQI

More : https://t.co/ceAKdvEQpy https://t.co/OA8BApooGZ and stock are subject to change #amazon #dealoftheday #flipkart #loot #coronavirus",1.3113287747058196e+18
26,2020-09-30 15:36:51,rakten_kaden_,"10/01 00:36

TOSHIBA/東芝 VC-C7-R(グランレッド
【楽天】19778円
【Amazon】20700円

★楽天で購入すると★
 922円 お得（お得率5％）

↓お得な情報を一覧で確認出来るサイト
https://t.co/kMQYxgL6Rh

#楽天市場 #Amazon #お得 #せどり https://t.co/33WuW7dWPl",1.3113291695407432e+18
27,2020-09-30 15:36:22,dinamariea61,Join me in asking @FP_Champagne not to reward the destruction of the #Amazon! 🔥🔥 Immediately halt the Canada-Mercosur free trade deal &gt;&gt; #ActForAmazon #ClimateAction @GreenpeaceCA https://t.co/N6w5pjZu10,1.3113290442443694e+18
28,2020-09-30 15:37:28,AmazonCoin_io,"AmazonCoin ⬇
$AMA ➡ $0,0177

👉👉 https://t.co/GydSZXKIno 🌿

#amazoncoin #amazon #nature #decentralized #green #cryptocurrencies #cryptocurrency #crypto #defi #dex #cryptonews #ethereum #ether #eth #blockchain #coin #token #ico #tokensale #startup #bitcoin  #btc $BTC $ETH https://t.co/Nr9FbV2YRo",1.3113293234969887e+18
29,2020-09-30 15:37:16,wes_log,"星5文字なし・星4文字なし・フィールドバック案件ご紹介ください。
ご連絡お待ちしています。

#レビュー不要
#レビュー
#レビュー募集
#無料商品
#Amazon 
#アマゾンレビュー募集
#アマゾンレビュー
#Amazonレビュー募集
#アマゾン
#レビューアー
#Amazonレビュー
#Amazonレビュー募集",1.3113292731316634e+18
30,2020-09-30 15:40:50,giovanni0914,GIOVANNI JIMENEZ TRAINER: Mizuno Wave Zapatillas de running para mujer Eres corredor@ y buscas un excelente calzado para tus entrenamientos y carreras  #mizuno https://t.co/uAEWIQQXVj  #amazon #running #sale #buynow #best #mizunorunning,1.311330171430097e+18
31,2020-09-30 15:37:04,servicesdown_,"🔔 #Amazon down?

🔗 Real-time status: https://t.co/PKXDjKCFLp

🔁 RETWEET if you are affected too.

#AmazonDown #AmazonOutage
(Possible problems since 2020-09-30 11:37:04)",1.3113292228420362e+18
32,2020-09-30 15:35:48,kana_ogawa,"【ジャズDVD】ベスト10
Live Lab. 西直樹トリオ[ジャズ] [DVD]
https://t.co/Lk0krjV0uA #Amazon",1.3113289016967578e+18
33,2020-09-30 15:36:18,justins_michael,Fuck you #Amazon  https://t.co/dyZsIwSWFs,1.3113290305081057e+18
34,2020-09-30 15:40:26,Photo_synthes_X,Amazonほしい物リストを一緒に編集しましょう https://t.co/ekbhk5Ity0 #Amazon,1.3113300684597862e+18
35,2020-09-30 15:39:59,hiro_128212,"Apple Watch series6買いました！
めっちゃ嬉しい〜💖

ベルトはamazonで4本1500円位のやつです。

#AppleWatch
#amazon https://t.co/ZgHrxbwfCu",1.311329954177495e+18
36,2020-09-30 15:35:32,kana_ogawa,"【ジャズDVD】ベスト10
Jazz Legend [DVD] [Import]
https://t.co/J1gMYrD82c #Amazon",1.3113288355902136e+18
37,2020-09-30 15:38:38,Charlie_Cawood,"Calum Scott - No Matter What #bigtimeradio https://t.co/N76xPoatRr @Charlie_Cawood @BigTimeRadio1 @bigtime_news
 on #Amazon Echo &amp; App https://t.co/c7cZfm4MQo  #Top40 #Music 247 #Worldwide 3 #Radio #Stations 43 #Countries #Interviews #Billboard https://t.co/JiPHr6jZyC  #SUBMI",1.3113296169010913e+18
38,2020-09-30 15:39:46,XperienceDope,"Blasting Queen Naija - Good Morning Text (Radio) right now on Pretty Dope Xperience Radio aka #BlackPandora

listen now and catch a wave!! https://t.co/VqKFopeoex  #nowplaying #np #RT  #NowStreaming #Streema Download Now #Alexa #GooglePlay #iOSAppStore #Amazon #",1.311329903145554e+18
39,2020-09-30 15:35:21,kana_ogawa,"【ジャズDVD】ベスト10
Milva &amp; Astor Piazzolla [DVD]
https://t.co/G0PwiWrgpC #Amazon",1.3113287916254945e+18
40,2020-09-30 15:35:24,MTR_913,"セルタン 日本製 カバーが洗える カビゴン ビーズソファ へたりにくい スゴビーズ ダークブルー A900a-654BL/652... https://t.co/N55wNbIHfe #Amazon

素敵過ぎるソファー",1.31132880133111e+18
41,2020-09-30 15:35:16,kana_ogawa,"【ジャズDVD】ベスト10
アイガー北壁 [Blu-ray]
https://t.co/osK4PgwCfh #Amazon",1.3113287696809247e+18
42,2020-09-30 15:37:05,Juchtervbergen,"#Cardano #Google #Amazon #Alibaba #Tezos Cardano's real competition is not who you'd expect, says new Cardano Foundation CEO https://t.co/zvcq2BjaVi https://t.co/Zxc3Ry0rbW",1.3113292249726157e+18
43,2020-09-30 15:35:11,kana_ogawa,"【ジャズDVD】ベスト10
KING OF JAZZ [DVD]
https://t.co/ePUVWtvm5l #Amazon",1.3113287477950874e+18
44,2020-09-30 15:35:14,CoolDealCA,"Best Selling L-Shape Desk back for $99.87!! 🔥 

#freebies #deals #deal #moneysaver #greatdeal #steals #discount #sale #bargain #bargainhunter #cheap #bestprice #Amazon  #Deals #giveaway #Deal #ganga

 https://t.co/39CYWOKHfk https://t.co/VQGeYB3830",1.3113287622613852e+18
45,2020-09-30 15:36:06,RoMemoria,"#Recomiendo #LeerPoesía: ELEFANTES AMARILLOS, de @zaidacastillo51 #Relatos cortos y #Poemas sobre el dolor ajeno, el propio y el pasar del tiempo.Disponible en #Amazon: https://t.co/H9qFEq5Li0 #AlgoparaLeer https://t.co/JNRd6z8ZpW",1.3113289800504402e+18
46,2020-09-30 15:36:33,CoolDealCA,"💲💰
Monster Achieve 100 AirLinks W...
Reduced from $80 to $40
Coupon code: FX2IPY2U

# #Deals #new #Deals #savings #Amazon  #Deal #ganga

 https://t.co/IwF6jUfwni https://t.co/38fmen8pzf",1.3113290919462543e+18
47,2020-09-30 15:37:59,Offici_ArI,"Check out my new single ""Mirrors &amp;amp; Dreams"" distributed by @DistroKid and live on Amazon! 
#amazon #music 
https://t.co/cl8uUKxEzK",1.3113294507017912e+18
48,2020-09-30 15:36:27,TheInStockRoom,"***New Deal***
Monster Achieve 100 AirLinks W...
Reduced from $80 to $40
Coupon code: FX2IPY2U
https://t.co/PmiPCPyqG1
#Deals #newDeals #savings #Amazon https://t.co/Mpg19lWNRG",1.3113290668306964e+18
49,2020-09-30 15:40:31,TheInStockRoom,"***New Deal***
ESR Cases for iPhone 11, 11 Pr...
New price $4.99
https://t.co/RG6DZRfTz1
#Deals #newDeals #Discounts #Amazon https://t.co/UBIx15i30V",1.3113300904003297e+18
,date,screen_name,tweet,tweet_id
0,2020-09-30 15:30:20,lilbeemiguelp,Today is ANOTHA #MARIAHCAREY DAY!!!😁🦋 After #Amazon dropped the ball🤦‍♂️ i had to go Venture out TIP walmart WILL price match to $17.99 from https://t.co/DrTJWDpfbs if your looking for Extras or looking to gift Some THIS MAKES MY 3RD Copy i Bought🤣📖 #TheMeaningOfMariahCarey https://t.co/kMoxqWbO6O,1.3113275264432497e+18
1,2020-09-30 15:33:59,ChilmarkHIT,"Tech and retail giants are transforming the #healthcare industry and fueling new innovation. Ten chief innovation and digital officers share their predictions on what companies will become the biggest tech and retail disruptors to healthcare. 
#amazon #CVS
https://t.co/noAh3BHpdl",1.3113284455871283e+18
2,2020-09-30 15:30:22,yuki_nagase,"【クラシックDVD】ベスト10
英国ロイヤル・バレエ《コッペリア》 [Blu-ray Disc]
https://t.co/8MKCKlGCor #Amazon",1.3113275339593155e+18
3,2020-09-30 15:30:18,buybooks_amazon,#BestBooks #Amazon : FLOODPATH: THE DEADLIEST MAN-MADE DISASTER OF 20TH-CENTURY  --&gt; https://t.co/oCT8P4hQAs,1.3113275182055137e+18
4,2020-09-30 15:31:59,iMoGalore,"Today's #Amazon DEALS of the Day
https://t.co/zGI44qFnJI",1.3113279431851172e+18
5,2020-09-30 15:35:10,klatsch_tratsch,"""Audiobooks by Deezer"": Was kann die neue Audible-Konkurrenz? #Amazon #app #Audible #AudiobooksbyDeezer #digital #Hörbücher #Hörspiele
https://t.co/FYFydmS2gz",1.3113287422712668e+18
6,2020-09-30 15:30:20,J_block95,#Amazon #Alexa Games: Skill Preview Why Am I #Single https://t.co/D5lbnDTXke via @YouTube,1.311327525453226e+18
7,2020-09-30 15:30:48,yuki_nagase,"【クラシックDVD】ベスト10
チャイコフスキー:交響曲第4番、第5番、第6番《悲愴》 [DVD]
https://t.co/6EYQ8HUWtM #Amazon",1.3113276458171392e+18
8,2020-09-30 15:30:46,quixote77,"Experience the Voice of God - available now ""God Called - He Needs Your Decision"" #Amazon https://t.co/KpQjly5l20",1.3113276376048353e+18
9,2020-09-30 15:30:55,TheInStockRoom,"***New Deal***
LifeStride Women's Farrow, Tan...
Reduced from $39.99 to $19.99
https://t.co/74j5QnuuIX
#Deals #newDeals #Amazon https://t.co/rDIvwKvjG1",1.311327675940823e+18
10,2020-09-30 15:34:34,VastSolutionsG1,"Kenner French, from https://t.co/ViSaPVxESD, finally settled upon the title of his upcoming book due out next year - ""The Family Wealth Manifesto: Retirement and Beyond...""
#Amazon #FinancialServices #Wealth #FamilyWealth #TotallyExcited!",1.3113285912007516e+18
11,2020-09-30 15:31:10,egiftcardtoday,#FelizMiercoles #Amazon #GiftCard #Caracas https://t.co/aq4gulqUNH,1.311327736808571e+18
12,2020-09-30 15:35:03,Offici_ArI,"Check out my new album ""Free Fall"" distributed by @DistroKid and live on Amazon! #Amazon #music 
https://t.co/pGK5auXNaR",1.311328716379902e+18
13,2020-09-30 15:30:11,yuki_nagase,"【クラシックDVD】ベスト10
Cure (初回限定盤)(SHM-CD)(DVD付)
https://t.co/YedQ6TvBaw #Amazon",1.3113274900239073e+18
14,2020-09-30 15:31:04,ITPeopleNetwork,"From Amazon and Apple to Google and Microsoft, Salesforce wants to create business partnerships that meet customers wherever they are: https://t.co/dRLI9JGTk6 via @ZDNet &amp; @billdetwiler 

@mvollmer1 @andyjankowski 

#DigitalTransformation #Amazon #Google #Microsoft",1.311327712494211e+18
15,2020-09-30 15:30:33,CoolDealCA,"💲💰
Pedkit Non-Contact Infrared Th...
Reduced from $50 to $10
Coupon code: XX5XEQBC

# #Deals #new #Deals #savings #Amazon  #Deal #ganga

 https://t.co/mKYt8AWjXE https://t.co/sTV0zp5TGX",1.3113275808853197e+18
16,2020-09-30 15:30:10,MaBracewell,#Blogartikel kommentieren und #Amazon-Gutschein gewinnen https://t.co/LPH8nvWY1m,1.31132748665609e+18
17,2020-09-30 15:30:37,yuki_nagase,"【クラシックDVD】ベスト10
ベスト・オブ・カラヤンの遺産 [DVD]
https://t.co/AHJ7XcdFZX #Amazon",1.311327599692374e+18
18,2020-09-30 15:30:26,CoolDealCA,"LifeStyles SKYN Original Condoms, 24 Count only $11.17!!!

#freebies #deals #deal #moneysaver #greatdeal #steals #discount #sale #bargain #bargainhunter #bargainshopper #cheap #bestprice #Amazon  #Deals #giveaway #Deal #ganga

 https://t.co/Ewk6Fw6HWP https://t.co/AlzByXQJ9p",1.3113275535971697e+18
19,2020-09-30 15:30:32,yuki_nagase,"【クラシックDVD】ベスト10
英国ロイヤル・バレエ《コッペリア》 [Blu-ray Disc, 日本語解説]
https://t.co/ulTwm3zNsw #Amazon",1.311327577785561e+18
20,2020-09-30 15:31:51,rakten_kaden_,"10/01 00:31

YMO-103 オムニ フェイシャルリフトアトワン
【楽天】7049円
【Amazon】7980円

★楽天で購入すると★
 931円 お得（お得率13％）

↓お得な情報を一覧で確認出来るサイト
https://t.co/kMQYxgL6Rh

#楽天市場 #Amazon #お得 #せどり https://t.co/cHYLP9J5K5",1.3113279099660452e+18
21,2020-09-30 15:34:39,yaemons,"今日本屋で何気なく手にとって読んだんだけどジーンとした😚

おまえうまそうだな (絵本の時間) https://t.co/QVzlsAvcsL #Amazon",1.311328611912147e+18
22,2020-09-30 15:31:15,XperienceDope,"Blasting Roddy Ricch, Gunna - Start Wit Me (Club) right now on Pretty Dope Xperience Radio aka #BlackPandora

listen now and catch a wave!! https://t.co/VqKFopeoex  #nowplaying #np #RT  #NowStreaming #Streema Download Now #Alexa #GooglePlay #iOSAppStore #Amazon #",1.3113277574444933e+18
23,2020-09-30 15:32:16,gomesisabella,"Confira esta oferta da Amazon: O investidor inteligente por Sette, Lourdes https://t.co/oRXy1EGqgJ via @amazon 

Recebi essa dica hj e já vou compartilhar
#Livros #books #investidor #inteligente #dinheiro  #benjamingrahan #amazon #oferta #promoção #Exclusivo  #ficaadica #Kindle",1.3113280132214948e+18
24,2020-09-30 15:33:42,torgsoft_uanews,"#Amazon запускає технологію оплати долонею у власних роздрібних магазинах.👆Крім того, #компанія планує продавати Amazon One іншим бізнесам з метою використання в магазинах, офісних будівлях та на стадіонах - The Verge.",1.311328376582484e+18
25,2020-09-30 15:34:00,SimonsMartin1,All aboard the #Twitch train: Biden campaign using #Amazon platform for stream of whistle… https://t.co/GHomAe3Eps,1.3113284505531843e+18
26,2020-09-30 15:34:46,giovanni0914,GIOVANNI JIMENEZ TRAINER: Under Armour Essential - calcetines cortos para mu... https://t.co/GK7SuIeVHO  #Amazon #sale #buynow #underarmour #runners #running,1.311328642329346e+18
27,2020-09-30 15:30:06,yuki_nagase,"【クラシックDVD】ベスト10
辻井伸行　カーネギーホール・デビューLIVE《完全版》 [DVD]
https://t.co/XBh2r1xx1v #Amazon",1.3113274679366902e+18
28,2020-09-30 15:35:00,kana_ogawa,"【ジャズDVD】ベスト10
ブルーノート・レコード ジャズを超えて [DVD]
https://t.co/wFrD5t5ygD #Amazon",1.3113287036248023e+18
29,2020-09-30 15:30:43,yuki_nagase,"【クラシックDVD】ベスト10
YAZAWA CLASSIC II [DVD]
https://t.co/CBk7PSwQbB #Amazon",1.311327623767679e+18
30,2020-09-30 15:31:28,MoGalore,"#AMAZON KINDLE BOOK NEW RELEASES
Check it out!
https://t.co/O0FzuKX1xB",1.3113278138201252e+18
31,2020-09-30 15:31:27,shichan17boof,"@HarukiKai0628 期待はせずに、だけど待ってます😢💕

#ぴこん #200倍返し #ギブ返し #春木開さんに届け 
 https://t.co/qb0uWn8SpW #Amazon",1.311327809038504e+18
32,2020-12-04 16:50:25,ProcterGamble,"Everyone has the power to do SOMETHING. Tune in at 7 p.m. Dec. 10 to #TriState Strong: Getting to Zero to be inspired by how your neighbors &amp; familiar faces from health care, media and business have pulled together #TriStateStrong #GettingToZero",1.3349028910736097e+18
33,2020-09-30 15:31:17,elsuperchollo,"💶 Super Barato 💶 #Amazon 

adidas - Cush CRW 6pp Calcetines, Unisex Adulto 

💰 Rebajado al 44% 

💵 Precio desde 11,26 EUR

🔰 Enlace: https://t.co/tifAO4bZYn 

🌐 https://t.co/hjN2fq279a https://t.co/7OInuT70nA",1.31132776509909e+18
34,2020-09-30 15:30:53,TOTNR_Podcast,#TalesoftheNovaRealm #TOTNR #fantasyfictionpodcast #medievalinstagram #dnd #audiodrama #podcast #fantasyfiction #rpg #newpodcast #spotify #Anchor #Apple #foryou #art #fun #amazing #amazon #googlepodcasts #InternationalPodcastDay,1.3113276662225306e+18
35,2020-09-30 15:30:27,TheInStockRoom,"***New Deal***
Pedkit Non-Contact Infrared Th...
Reduced from $50 to $10
Coupon code: XX5XEQBC
https://t.co/7RulpCmg8Q
#Deals #newDeals #savings #Amazon https://t.co/7YiwiRXKtl",1.3113275561137603e+18
36,2020-09-30 15:35:11,OfertacularRL,"‼️MINI PRECIO‼️ 👁‍🗨 #Ofertacular #Amazon #chollo #oferta #ganga

⚫️ Riñonera impermeable

🛒: ➡️ https://t.co/6zuGZjYlxG ⬅️ https://t.co/oUcltn2W4Q",1.3113287471408087e+18
37,2020-09-30 15:30:27,yuki_nagase,"【クラシックDVD】ベスト10
クインテット コレクション ゆかいな5人の音楽家 クラシック [DVD]
https://t.co/ExdC01J7vm #Amazon",1.3113275558661243e+18
38,2020-09-30 15:34:27,hispachollos,"🌀 Sony MDR-EX110LP - Auriculares in-ear, negro. #Amazon 🇪🇸

💶 Precio oferta: 6,88€ 💥 (PVP normal: 20€)

♻️ Reacondicionado: 6,4€

💳 Enlace: https://t.co/nXbvmqDyNx

✨ 30 días gratis de Amazon Music Unlimited : https://t.co/dnJe9X8AvY ...
https://t.co/N9Fa555KL5
#chollo",1.3113285641056133e+18
39,2020-09-30 15:30:32,yashggowdru,"I need a serious job to upgrade my new life #twitter #bangalore #logistics #amazon #flipkart #paypal #govt #discocery #india 

Thanks in advance.",1.311327578477613e+18
40,2020-09-30 15:32:27,lootupdates4u,"Sennheiser HD 4.50 SE BT NC Bluetooth Wireless Noise Cancellation Headphone

 (Renewed)  ₹4599 https://t.co/RgoJTbaQ4x

New  ₹14990 https://t.co/zCaH99yz68 https://t.co/G3RNsjCI3W and stock are subject to change #amazon #dealoftheday #flipkart #loot #coronavirus",1.3113280599335485e+18
41,2020-09-30 15:30:16,yuki_nagase,"【クラシックDVD】ベスト10
0歳からの育脳クラシック
https://t.co/6lGgIMA0eU #Amazon",1.3113275120104858e+18
42,2020-09-30 15:30:26,kuponlytr,"https://t.co/Sk1B8aP8WM indirim kodu ile 25 TL indirim kazan , detaylar ;

https://t.co/pXXMYi0veu

#amazon #amazonindirim #amazonprime #amazonindirimkodu #indirimkodu #kuponkodu #indirimkuponu #kuponly",1.3113275518313144e+18
43,2020-09-30 15:35:06,kana_ogawa,"【ジャズDVD】ベスト10
アート・ファーマー - ライブ・イン '64 《ジャズ・アイコンズ DVDシリーズ4》
https://t.co/hCbbnjkOaa #Amazon",1.3113287255652844e+18
44,2020-09-30 15:33:58,amatawith,"コメント欄にAmazonリスト貼っててね🥰👍人数は決めてません⸜(◍ ´꒳` ◍)⸝
🥕時間帯や日付指定、お手軽な値段だと送られてくるかも？届いたら#にんにんの実績つけてツイートしてくれると嬉しい♪
#私が認知してる方限定
#Amazon
#Amazon欲しいものリスト https://t.co/RLejGedVXI",1.3113284434144543e+18
45,2020-09-30 15:32:06,tomoanaking8,"『今回は香水特集☆』
#アメブロ #香水 #Amazon #ショッピング https://t.co/8KiIiByS9A",1.3113279716097024e+18
46,2020-09-30 15:30:41,lokeshk309,"#OnePlus8T5Gamazonquiz 
Love this smartphone with #Amazon https://t.co/It4Ro2SQsM",1.3113276153916908e+18
47,2020-09-30 15:31:01,CoolDealCA,"💲💰
LifeStride Women's Farrow, Tan...
Reduced from $39.99 to $19.99

# #Deals #new #Deals #Amazon  #Deal #ganga

 https://t.co/KRWNVwm3Gi https://t.co/pjOheyqIqH",1.3113277015553884e+18
48,2020-09-30 15:31:06,SolTaylorRdL,"LA NIEVE MÁS OSCURA 
Sexta entrega de la saga del agente especial del FBI #EthanBush 
Un asesino en serie siembra el #terror en la despoblada Montana...
OFERTA #Kindle AQUÍ&gt;&gt; https://t.co/p8UmAzJcoy
@enriquelaso @merylaso

#kindleunlimited #kindle #amazon #novelanegra #thriller https://t.co/isswd5ICdf",1.3113277211679498e+18
49,2020-09-30 15:30:09,ladyarcher1,"Enjoy a captivating and powerful romance. Grab your copy today. Available on paperback/Ebook  FREE on KU.
Freedom  https://t.co/lbU1fRNTqh 
#romance #contemporary #bookbub #goodreads #amazon #kindle #Amazonbooks #womensfiction #KBWorlds https://t.co/eoOy1Fohl3",1.311327482524717e+18
,date,screen_name,tweet,tweet_id
0,2020-09-30 15:27:11,Kidkrump_kk,"デュオゲリラ #荒野行動

開始、３分前‼️

🥇 賞金 1500×２

⏰24時30分 24:30

#デュオ #ゲリラ #賞金ルーム
#デュオゲリラ #シングル #大会
#iTunes #Amazon #Google 
#9月30日 #24時半 #確定枠 #荒野 https://t.co/zfWRTdoJ6J",1.3113267362865357e+18
1,2020-09-30 15:27:34,40003000yy,"【🎁特別企画🎁】

／
Amazonギフト券3000円分
＼

▶︎応募方法
フォロー&amp;リツイート&amp;個ツイリツイート

▶︎締め切り
10/10
 #Amazonギフト券  #プレゼント企画  #懸賞 ⁠  #プレ企画 #アマギフ #Amazon #ギフト券 https://t.co/FGd3KB43z4",1.31132683256678e+18
2,2020-09-30 15:30:02,amazon_rankinQ,"【ポータブルスピーカー】
JBL FLIP5 Bluetoothスピーカー IPX7防水/USB Type-C充電/パッシブラジエーター搭載/ポー...
￥7,964
https://t.co/LymUFWWZ8v
#amazon",1.3113274537809551e+18
3,2020-09-30 15:30:01,yuki_nagase,"【クラシックDVD】ベスト10
やすらぎのクラシック大全集 (DVD 10枚組) BCP-039
https://t.co/hRBnY0e75T #Amazon",1.3113274457907814e+18
4,2020-09-30 15:28:18,TCGCardSearch,"Konami #YuGiOh! #TCG: The Dark Side of Dimensions Movie Pack Secret Edition | Genuine Cards #Amazon #US #TradingCardGame #TCGCardSearch
🔗 https://t.co/a8EOuLQqIx *",1.3113270155937956e+18
5,2020-09-30 15:26:51,rakten_kaden_,"10/01 00:26

アイリスオーヤマ　IRIS　単機能電子レンジ　「西
【楽天】5480円
【Amazon】6020円

★楽天で購入すると★
 540円 お得（お得率10％）

↓お得な情報を一覧で確認出来るサイト
https://t.co/kMQYxgL6Rh

#楽天市場 #Amazon #お得 #せどり https://t.co/bK88IGTGUV",1.3113266498629059e+18
6,2020-09-30 15:30:03,stockerblog,"If you type https://t.co/wu6VuVvP8P into your browser, it will bring up the #Amazon $AMZN website

Want more #investment #trivia ?

https://t.co/dtWSa0U8S9 

#stockmarkettrivia #investmenttrivia #WallStreetTrivia #investing #investors #investments",1.3113274562556723e+18
7,2020-09-30 15:30:00,pmartinauthor,suspense MISSING DEAD OR ALIVE P MARTIN #FREEKUNLIMITED #AMAZON#LINK https://t.co/X3mp5y78Iq Is life worth living without their son? https://t.co/BTcRqWhR6v,1.3113274449604485e+18
8,2020-09-30 15:24:32,CoolDealCA,"💲💰
Onlypuff Women's Tie Dye Top
Reduced from $23 to $15
Coupon code: 358TJ239

# #Deals #new #Deals #savings #Amazon  #Deal #ganga

 https://t.co/ZKtXq5xiR8 https://t.co/PJP4GH7suv",1.3113260696356577e+18
9,2020-09-30 15:30:00,Autores_noveles,"Una ojeada a la historia de España durante las últimas décadas del siglo XIX.

La guarida del raposo
📖 https://t.co/OjNI1KdJmw

Léela gratis con tu suscripción a #AmazonPrime. 

@AOrozcoGuerrero
#LibrosRecomendados
#Amazon
#NosGustaLeer 
#Libros 
#leerautoresindie https://t.co/cZZ6FNe28j",1.3113274427499356e+18
10,2020-09-30 15:27:42,AntigaCeci,Deus tá vendo você aumentar todos os produtos pra quando chegar a promoção dia 13 e 14 vc abaixar ao preço normal viu #Amazon,1.311326866029056e+18
11,2020-09-30 15:30:00,OfferShop950,"hey guys ..
here is a $500 #Amazon #giftcard for you all guys.
to get this gift card please click on the link and claim it.. 
Hope you all will get it and enjoy..
link:-https://t.co/hkCoyCKBXH https://t.co/ZjMEDslXVG",1.3113274454344786e+18
12,2020-09-30 15:24:09,bookfan17,"Seven American tales. “Well written thought provoking book,” – #Goodreads. “The craft and spirit of storytelling sings in this collection.” – #Amazon  #thenewyorker #newyorktimes #msnbc #foxnews #cnn #usatoday #paperback #politico #thehill #latimes 
https://t.co/j7KNcIfTTC https://t.co/10Mir2R0B9",1.3113259704024842e+18
13,2020-09-30 15:28:25,ensquimica,"Aproveite essa incrível promoção para membros Prime! Caso ainda não seja Prime, faça um teste grátis por 30 dias.

Clique aqui: https://t.co/H4T4SF2sc5

#amazon #amazonprime #amazonmusic #music #musica https://t.co/ygCTUCLxsA",1.311327047046832e+18
14,2020-09-30 15:25:11,creativemm12,"👉https://t.co/Ae3rSmJ0Yt #amazon👈
💯👉Auto Follower👈💯
💯👉#自動相互フォロー👈💯

#autofollower
#Yankees
#Tottenham #vs #Chelsea
#Roe #v. #Wade
#followermachine
#TeamFollowBack
#フォロバ100パーセント
#followtrick
#500ADay
#FollowBack
#bts
#seventeen",1.3113262320934502e+18
15,2020-09-30 15:24:18,AmaArrival,"【スイッチ入荷】 Switch Lite ターコイズ 保護フィルム セット

店舗：Amazon .co.jp 
販売価格 23,606円 
https://t.co/Q5M062FuwH 

在庫確認できた方はいいね♡ 
買えたらコメント待ってます！ 
確認日時：2020/10/01-00:24.17
#Amazon #NintendoSwitch #スイッチライト #在庫 #入荷 #販売 https://t.co/EC3SFfvfJC",1.3113260093759488e+18
16,2020-09-30 15:25:05,Tetsuji_Miura,"AIC Recommendation Book 
図説 日本のマス・コミュニケーション (NHKブックス) https://t.co/WlmdDAhCzb #Amazon",1.3113262043062272e+18
17,2020-09-30 15:30:00,MirrorReview1,"Amidst the global pandemic wherein people are wearing gloves, masks, and face shields, Amazon has come up with an innovative payment method. Read now:
@amazonpay #amazon #AmazonOne #amazonpay #palmScanner #paymentmethod #cashless
https://t.co/mhiKMlqv3i",1.3113274428673475e+18
18,2020-09-30 15:27:52,OfficialSOLI,Help increase #AmazonSmile donations to support #SOLI when you shop at https://t.co/3CoMfG7dJk turn AmazonSmile ON in the #Amazon Shopping app and choose Sons of Liberty International. #freedom #Security #Veterans #defense #Christianpersecution #liberty https://t.co/vUJs2jNx5l,1.3113269067893105e+18
19,2020-09-30 15:27:06,pezoutlaw,"Pez Outlaw, ""Notes From The Asylum"" #Apple #Disney #Amazon #Netflix: The reasons Pez Outlaw was targeted by Pez Corpora... https://t.co/I9Mwsv15wS",1.3113267137884692e+18
20,2020-09-30 15:27:35,MonicaT43996205,"I thought is was pretty amazing. Artist is Flavio Galvan, this is for all the awesome Amazon delivery drivers doing there best in these trying times. Thank you!! #flaviogalvan #amazon #EssentialWorkers #contemporaryart #DAHeroes https://t.co/MvAcDxLNC7",1.311326837310718e+18
21,2020-09-30 15:28:23,FMJapanff2,"【🎁特別企画🎁】

／
Amazonギフト券3000円分
＼

▶︎応募方法
フォロー&amp;リツイート&amp;個ツイリツイート

▶︎締め切り
10/10
 #Amazonギフト券  #プレゼント企画  #懸賞 ⁠  #プレ企画 #アマギフ #Amazon #ギフト券 https://t.co/bhT3Dt0Tmn",1.3113270374795018e+18
22,2020-09-30 15:27:56,indianvolcano,"@homefirstindia 1.Pradhan Mantri Awas Yojana
2. Equated Monthly Instalment.
#contest #ContestAleet
#win #play #answers
#AmazonVoucher
#Amazon #Winner
#Share #HomeFirst",1.3113269222242017e+18
23,2020-09-30 15:26:38,Amazonoffer28,"Top 5 Budget SmartPhone Series:
Contender No. 2
#realme
#amazon
Realme 7
RAM 6GB
Storage 64GB
Android 10
Battery Capacity : 5000mAh
Processor : MediaTek Helio G95 Processor
Buy Now. Click On The Link Below.
https://t.co/poXN9E8OIH",1.311326594317742e+18
24,2020-09-30 15:27:20,petersondn1978,"""Não deixem o reino dos céus murchar. O reino dos céus é como um broto de palma a quem os tempos caíram em torno dele. Produziu botões e, depois que cresceram, sua produtividade secou.""

#Amazon #ebooks #HistoriadoCristianismo

https://t.co/QDYHuJajqC",1.3113267711372042e+18
25,2020-09-30 15:27:09,sparbote,"Tragbarer Feuchtigkeitsabsorber für den Haushalt für 20,14€ inkl. Versand https://t.co/gbVI93k5bx #Amazon",1.3113267254821888e+18
26,2020-09-30 15:25:56,Greenfistband,"""March of the Giants"" from our upcoming album ""EVOLVE"" will be available for download SOON!
#music #album #single #metal #guitar #drums #headbangers #okinawa  #メタル #spotify #amazon #itunes #applemusic #googleplay  #heavymetal #thrashmetal #metalheads
https://t.co/lFwxSW2f15",1.3113264182534062e+18
27,2020-09-30 15:23:56,FELASTORY,#Amazon’s physical retail team is introducing a new biometric device that will allow shoppers to pay at Amazon Go stores using their palm. #markofthebeast666 @Gidi_Traffic https://t.co/mV7VhJm4K7,1.3113259181961257e+18
28,2020-09-30 15:30:01,News12HV,"Would you be comfortable giving your #palm or #fingerprints to massive corporations? #Amazon introduces palm recognition technology
https://t.co/8l7MbvjQsV",1.3113274467682755e+18
29,2020-09-30 15:29:59,Koya_K1ss,"iTunes5000円とAmazon5000円分交換してくださる人いらっしゃいますか？

出 iTunes 5000円

求 Amazon 5000円分

詐欺防止で先送りでお願いします。

#iTunesカード #Amazonギフト券 #iTunes #Amazon #交換",1.3113274401997988e+18
30,2020-09-30 15:28:03,XperienceDope,"Blasting https://t.co/rFqGY2VeaX - We Are PDX Radio right now on Pretty Dope Xperience Radio aka #BlackPandora

listen now and catch a wave!! https://t.co/VqKFopeoex  #nowplaying #np #RT  #NowStreaming #Streema Download Now #Alexa #GooglePlay #iOSAppStore #Amazon #",1.311326951668437e+18
31,2020-09-30 15:26:03,RobStanleyUSA,"Video: Selling Supplements on Amazon and Amazon PPC | Mina Elias https://t.co/nymcqfQ1CB
#minaelias #mmanutrition #hydrolyte #amazonseller #amazon #amazonfba #ecommerce #amazonfbaseller #fbaseller #amazonfbatips #amazonsellers #sellingonamazon #onlineseller #amazonproduct https://t.co/QKRMb7LAEL",1.3113264491195064e+18
32,2020-09-30 15:27:01,CreateMyVoice,"NEVER LOSE YOUR CAR AGAIN --&gt; 'Alexa, where's my car?' Automatic syncs your vehicle with Amazon Echo. https://t.co/WeG8Hr6oSG #smartcar #smarthome #alexa #amazon https://t.co/plg2u0quTW",1.3113266946330993e+18
33,2020-09-30 15:30:00,News12WC,"Would you be comfortable giving your #palm or #fingerprints to massive corporations? #Amazon introduces palm recognition technology
https://t.co/Lw5W8oITyL",1.3113274442934395e+18
34,2020-09-30 15:27:53,atribeiro,"Aproveite essa incrível promoção para membros Prime! Caso ainda não seja Prime, faça um teste grátis por 30 dias.

Clique aqui: https://t.co/q3Mp8lgbUH

#amazon #amazonprime #amazonmusic #music #musica https://t.co/EI3GV9hSkJ",1.3113269102832108e+18
35,2020-09-30 15:24:32,ItaPixie,"#NEWRELEASE Hot Read: The Originals by Jami Davenport ( @jamidavenport )

4/5 🐞🐞🐞🐞 #review  https://t.co/GJOuZMbNku 

#LiveNow #amazon https://t.co/6KxRxFSdwj 

#bookbloggers #bookblog #SportsRomance #Books #reading #football",1.3113260687715205e+18
36,2020-09-30 15:25:49,KouyaRady,"【🎁特別企画🎁】

／
Amazonギフト券3000円分
＼

▶︎応募方法
フォロー&amp;リツイート&amp;個ツイリツイート

▶︎締め切り
10/10
 #Amazonギフト券  #プレゼント企画  #懸賞 ⁠  #プレ企画 #アマギフ #Amazon #ギフト券 https://t.co/ywEHrGqwvA",1.3113263893462917e+18
37,2020-09-30 15:24:20,Kidkrump_kk,"デュオゲリラ #荒野行動

開始、５分前‼️

🥇 賞金 1500×２

⏰24時30分 24:30

#デュオ #ゲリラ #賞金ルーム
#デュオゲリラ #シングル #大会
#iTunes #Amazon #Google 
#9月30日 #24時半 #確定枠 #荒野 https://t.co/zfWRTdoJ6J",1.3113260164139213e+18
38,2020-09-30 15:27:51,SultanaSyedda,#amazon world animal quiz https://t.co/omjXgxyPon,1.3113269023515894e+18
39,2020-09-30 15:26:49,blog_akky,"聴く読書、今なら３ヶ月間70％OFF
Amazonの聴く読書【audible】
#amazon #audible #聴く読書

↓詳細↓
https://t.co/9BOK4Cmq9a",1.3113266423215145e+18
40,2020-09-30 15:28:17,KVajpayaee,"#Katyayan #ModiMadeDisaster #NamamiGange
News18: #Catfish Native to #Amazon Found in #Varanasi, #Scientists Term it #Dangerous for #Ganges' #Ecology.
https://t.co/gTQhgN8Bir

via @GoogleNews",1.3113270121878528e+18
41,2020-09-30 15:29:25,tatapi_gura9,約束のネバーランド 20 (ジャンプコミックスDIGITAL) https://t.co/98nTRsVGho #Amazon,1.3113272960121815e+18
42,2020-09-30 15:28:14,tmsl_info,"ホルツ 愛車のDIY応援セール ...
https://t.co/z2bl5wZEL9
#Amazon #タイムセール",1.3113269989506294e+18
43,2020-09-30 15:24:26,TheInStockRoom,"***New Deal***
Onlypuff Women's Tie Dye Top
Reduced from $23 to $15
Coupon code: 358TJ239
https://t.co/0Z5QZ1XRTp
#Deals #newDeals #savings #Amazon https://t.co/UWRNgzIbCM",1.311326044633391e+18
44,2020-09-30 15:25:03,maa07yu21,@HarukiKai0628 楽しみにピコーン待ってます。Amazonほしい物リストを一緒に編集しましょう https://t.co/gvRG4FuNyY #Amazon,1.311326196089512e+18
45,2020-09-30 15:24:37,XperienceDope,"Blasting Jozzy, Lil Wayne - Sucka Free (Club) right now on Pretty Dope Xperience Radio aka #BlackPandora

listen now and catch a wave!! https://t.co/VqKFopeoex  #nowplaying #np #RT  #NowStreaming #Streema Download Now #Alexa #GooglePlay #iOSAppStore #Amazon #",1.3113260889294356e+18
46,2020-09-30 15:29:00,ciudadpostal,"Compra todo lo que necesitas o quieras desde cualquier parte del mundo y tráelo para Venezuela con Cuidad Postal Usa.  Afiliate gratis. https://t.co/iW6pXSDuXb
#CiudadPostalUsa #Ciudadpostal #courrier #correo #importación #amazon #ebay #Alibaba #aliexpress20 https://t.co/yKa65TzhGt",1.3113271911296246e+18
47,2020-09-30 15:25:15,hispachollos,"🌀 RIKIN Cargador de Batería Coche 6V/12V 12A Múltiples Modos de Carga Rápida con Pantalla LCD para Motos Automóviles Barco. #Amazon 🇪🇸

🕘 PRECIO FLASH: 18,99€

💶 Precio oferta: 23,99€ 💥

💳 Enlace: https://t.co/szTgqOm0ak

✨ 30 días g ...
https://t.co/o2QN8HqpNn
#chollo",1.311326246610051e+18
48,2020-09-30 15:24:34,lootupdates4u,"Gym Bag Rs.180

https://t.co/S9oLyvp5qc

More added 70+% off

Safari Pret 59 Cms Polyester Navy Blue Check-In 2 Wheels Soft Duffle 1490

https://t.co/kl4TyLww3t

More https://t.co/Fqv2nHqhQo https://t.co/31A1vHItmL and stock are subject to change #amazon #dealoftheday #flipk…",1.311326075331412e+18
49,2020-09-30 15:25:12,CoolDealCA,"Start that Fall bulk early 🏋️‍♀️

6 POUNDS of Optimum Nutrition Serious Mass Weight Gainer only $29!!

#freebies #deals #deal #moneysaver #greatdeal #steals #discount #sale #bargain #bargainhunter #cheap #bestprice #Amazon  #Deals #giveaway #Deal #ganga

 https://t.co/fYcTyqV6o2 https://t.co/4FWGRmZYSL",1.311326233620353e+18
,date,screen_name,tweet,tweet_id
0,2020-09-30 15:23:20,EagleNewsBC,#Amazon unveils payment by hand-waving - https://t.co/l1DZDS0bq0,1.3113257639209984e+18
1,2020-09-30 15:20:22,elsuperchollo,"💥 Corre que vuelan 🏃‍♂️🏃‍♂️ #Amazon 

Type 3 Sherpa Trucker Chaqueta vaquera para Hombre 

Descuentazooooo❗❗ 47% 

💵 Precio desde 68,43 EUR (Amazon Prime)

🔰 Enlace: https://t.co/xzzz8VXGsk 

🌐 https://t.co/Bsgy1pHBMi https://t.co/cgsH0E2D4u",1.3113250174399652e+18
2,2020-09-30 15:21:25,ogaken02dahlia,"9/30  アルバイトにも経営に参加させる。廃棄ロスをゼロにするのではなく、機会ロスをゼロにする発想。

まんがでわかるセブン‐イレブンの16歳からの経営学 https://t.co/HY8GKL26Z7 #Amazon",1.311325285418066e+18
3,2020-09-30 15:19:38,Valkeac,#Amazon I cancelled my account at https://t.co/BYV4AqZaXI because their delivery was absolutely dreadful. DHL just did not come to deliver!,1.3113248356588462e+18
4,2020-09-30 15:19:00,robertstanek,"Celebrating my 250th book! So thankful for this #milestone in my career... What a long strange trip it's been!

#thankyou #microsoft #amazon #authors #writinglife #publishingindustry #amwriting #writingcommunity #books https://t.co/p5vKDMs8uT",1.311324674425385e+18
5,2020-09-30 15:19:01,BEST300BOT,ベートーヴェン／交響曲第５番　【第６位】⇒https://t.co/fH2OQevNaK #amazon #bot 【第３位】ラトル指揮ウィーンpo〈2000〉⇒https://t.co/A1T4M8iMOt,1.3113246809517916e+18
6,2020-09-30 15:18:57,tssnow,"【ケース販売】 らくのうマザーズ おいしいミルクバニラ 250ml×24本 https://t.co/n433T8FUh3 #Amazon
秋葉原の自販機に売ってるやつ。Amazonでも扱ってたか。他の人のリストから連想して検索。これが美味しいのよね。時々飲みたくなる。買えるのか…",1.3113246627358433e+18
7,2020-09-30 15:17:23,gakuyukyougi,"NOW ON SALE☆『Sun Zi Art of War』
https://t.co/08m6m3LWSU
#amazon　#Kindle　#SunZiArtofWar ##gakuyu",1.3113242665923092e+18
8,2020-09-30 15:23:12,TechWarehouse20,"new #youtube video out now https://t.co/nKF137x52O
@YouTube @YouTubeCreators #smallstreamer #SmallStreamerCommunity #iPhone11Pro #Apple #Amazon @amazon #GoProHero9",1.3113257319144202e+18
9,2020-09-30 15:16:29,chollosyoferta,"#Chollo #Amazon 86% DESCUENTO Smiffy's 42979L   Disfraz de Ken, Barbie, Safari, Talla Grande, 106,68   111,76 cm, Color Azul

Precio original: 35,23
Precio oferta: 34,89
Reacondicionado: 4,66

    👇👇👇👇👇👇👇
👉 https://t.co/yESZ4QMmLI https://t.co/jnxV502tA4",1.3113240407543276e+18
10,2020-09-30 15:22:45,creativemm12,"👉https://t.co/l5SxUFxtav #amazon👈
💯👉Auto Follower👈💯
💯👉#自動相互フォロー👈💯

#FollowBack
#MLB
#Tottenham #vs #Chelsea
#Mac #Davis
#followtrick
#拡散希望RTお願いします
#フォロバ100パーセント
#followermachine
#autofollower
#FollowBack
#1000ADay
#TeamFollowb",1.3113256183744676e+18
11,2020-09-30 15:22:01,zazoomblog,Amazon Prime Video le novità di ottobre 2020 -  #Amazon #Prime #Video #novità #ottobre https://t.co/DDlVrsydRr,1.3113254337791713e+18
12,2020-09-30 15:18:35,elsuperchollo,"⏱ No lo dejes escapar ⏱ #Amazon 

Proyector,YABER Mini Proyector WiFi,2020 Actualizado Proyector Portátil 5500 Lúmenes Sop... 

Al rico chollo oiga❗❗ 30% 

💵 Precio desde 69,99 EUR (Amazon Prime)

🔰 Enlace: https://t.co/ZIiiv9ZK4k 

🌐 https://t.co/vXfcZhSCSk https://t.co/YTt8mQNfwD",1.311324571379929e+18
13,2020-09-30 15:20:02,FeedbackWhiz,"Video: Selling Supplements on Amazon and Amazon PPC | Mina Elias https://t.co/hQvEed7LK0
#minaelias #mmanutrition #hydrolyte #amazonseller #amazon #amazonfba #ecommerce #amazonfbaseller #fbaseller #amazonfbatips #amazonsellers #sellingonamazon #onlineseller #amazonproduct https://t.co/tooB1EOj9h",1.3113249374168474e+18
14,2020-09-30 15:22:28,Empressroseleg1,#Amazon #amwriting #Writer #writerslift #Inspire #inspirational #socialmedia #miamibeach #Police #peace #Prayer #bookmarketing #Motivation #GoodMorning #MotivationalQuotes #followers #author #organic #kindle #moodnation #modafeminina https://t.co/lg6lgvOLZR,1.3113255470798356e+18
15,2020-09-30 15:23:23,mfespinosaEC,"An enriching dialogue at @ABCiencias together with @JeffDSachs, #CarlosNobre and @gregoriomirabal on the challenges in the #Amazon. Every year we lose roughly 17% of the amazonian rainforest. We need a New Pact for the Amazon! https://t.co/YAWuzrF1Wa",1.3113257802244751e+18
16,2020-09-30 15:23:00,temashana,#amazon and @JeffBezos will do anything to make money- and then screw their workers and Americans by not paying taxes. https://t.co/kQGkbomXQY,1.311325683356967e+18
17,2020-09-30 15:20:11,OfertacularRL,"‼️MÓVIL MUY BARATO‼️ 👁‍🗨 #cholloshot #Amazon #chollo #oferta #ganga

⚫️ Ulefone Note 8 2/16 Gb

🎟: Aplicar cupón debajo del precio

🛒: ➡️ https://t.co/vuNjaHkvHC ⬅️

🟢 https://t.co/SdTO2TTDka https://t.co/x4jOmvPcms",1.3113249714954568e+18
18,2020-09-30 15:22:57,hajimefuzy,マファルダ 1 (1) https://t.co/00MlJKEneR #Amazon,1.3113256699644436e+18
19,2020-09-30 15:19:18,bmurphypointman,#parking #amazon #amazonprime #Amazonspecials #prime  Save Big on Airport Parking. Check for discount airport parking on https://t.co/Hk21gwU6Ai,1.3113247525234647e+18
20,2020-09-30 15:23:28,FMJapanff,"【🎁特別企画🎁】

／
Amazonギフト券3000円分
＼

▶︎応募方法
フォロー&amp;リツイート&amp;個ツイリツイート

▶︎締め切り
10/10
 #Amazonギフト券  #プレゼント企画  #懸賞 ⁠  #プレ企画 #アマギフ #Amazon #ギフト券 https://t.co/su1IounX7y",1.311325800159875e+18
21,2020-09-30 15:16:35,Q6pkCjf6qw3LbYy,"今日続々と入荷してます。詳しくはブログみてね！
#副業 #ネットビジネス #稼ぎたい方 #輸入販売 #輸出販売 #amazon",1.3113240684533924e+18
22,2020-09-30 15:23:26,Amazonoffer28,"Top 5 Budget SmartPhone Series:
#Amazon
#AmazonDeals 
Contender No. 3
Samsung Galaxy M01(7999 Rs)
RAM 3GB
Storage 32GB
Android 10
Battery Capacity : 4000mAh
Processor : SDM439  Octa Core processor
Buy Now. Click On The Link Below.
 https://t.co/dtIlzDiYhZ",1.311325791284732e+18
23,2020-09-30 15:18:54,byLilyV,"Get #IT #CERTIFIED 
One lesson, four #AWS certificates!
Enrol https://t.co/MTTCw6V3Vu
#cloudcomputing #amazon #cloud #certification https://t.co/SvagigoPXS",1.3113246513149624e+18
24,2020-09-03 18:26:48,LenovoLegion,"Lenovo Legion x @PlayApex
Now is your chance to rise above the rest. 
Unmatched performance, purposeful engineering, modern design.
Gear up with a machine as savage as you are.
Stylish outside.
Savage inside.",1.301587465258578e+18
25,2020-09-30 15:19:50,hispachollos,"🌀 OMOTON Pack de Teclado y Ratón Inalámbrico con USB (2.4 GHz, inalámbrico, Windows) Teclado Español con Teclas Numericas, Blanco. #Amazon 🇪🇸

🕘 PRECIO FLASH: 23,79€

💶 Precio oferta: 27,99€ 💥

💳 Enlace: https://t.co/NA0mm2XV1g

✨ 30 ...
https://t.co/MlicreS9Ui
#chollo",1.3113248853150925e+18
26,2020-09-30 15:20:00,Tarrako1162,"🔥CHOLLO! #Amazon | #Zapatos

📢Marca Amazon - find. Mujer Botas de #senderismo 

   ❌ Antes: 66,22€
   🔥 PRECIO OFERTA: 22,91€🔥 -65%
   🔰 Enlace: https://t.co/RCRfrzvbtn https://t.co/m2YwqgPYpD",1.311324926113063e+18
27,2020-09-30 15:17:22,creativemm12,"&lt;Current Weather&gt;
San Francisco
Temperature: 57.36°F/ Status: mist
👉https://t.co/YhZFPg66C9 #amazon👈
💯👉Auto Follower👈💯
💯👉#自動相互フォロー👈💯

#相互フォロー100
#Yankees
#Tottenham #vs #Chelsea
#Roe #v. #Wade
#相互RT
#TeamFollowBack
#F",1.3113242650320323e+18
28,2020-09-30 15:20:47,dwellenstein,GIVEAWAY! Enter to #win a $10 #Amazon gift card? Go enter the #giveaway daily for your chance to win from @thatsjustjeni Go enter   https://t.co/nUfIIxDIk8,1.3113251249022362e+18
29,2020-09-30 15:16:50,rakten_kaden_,"10/01 00:16

《レビューを書いたら洗濯ネットプレゼント》洗濯機 
【楽天】20980円
【Amazon】22500円

★楽天で購入すると★
 1520円 お得（お得率7％）

↓お得な情報を一覧で確認出来るサイト
https://t.co/kMQYxgL6Rh

#楽天市場 #Amazon #お得 #せどり https://t.co/56RWJc1Tw5",1.3113241302102671e+18
30,2020-09-30 15:21:50,rakten_kaden_,"10/01 00:21

スライヴ(THRIVE) MD-4220 [フット
【楽天】7080円
【Amazon】7495円

★楽天で購入すると★
 415円 お得（お得率6％）

↓お得な情報を一覧で確認出来るサイト
https://t.co/kMQYxgL6Rh

#楽天市場 #Amazon #お得 #せどり https://t.co/BDQXwu83jd",1.3113253903008768e+18
31,2020-09-30 15:19:26,Info_forever01,Ettusais(エテュセ) BBミネラルクリーム 20 自然な肌色 40g https://t.co/sHoLT1BhwD レイヤーさんも使ってるおすすめの商品(≧∇≦) #amazon #beauty #beautiful #happy #life #cosme #bodycare #skincare #everyday,1.3113247825044111e+18
32,2020-09-30 15:21:09,reacochollos,"REACONDICIONADO❗♻️

        ✅ PlayStation 4 (PS4) - Consola 1 TB + FIF...

        🔥 OFERTA: 201.80€ 🔥

        🔰 https://t.co/4S9XNGgK6l

        #playstation #amazon #chollo #oferta #fifa @PlayStationES @FIFAcom #videojuego https://t.co/kHmS10tb9D",1.3113252171180933e+18
33,2020-09-30 15:22:12,ymhuang_illos,"I’m watching you, boys.

Homelander 

 @TheBoysTV @amazonprimevideo

#theboys #theboystv #amazon #amazonprime #superhero #homelander #antonystarr #illustration #illustrator #art #artwork #hollywood #graffiti #poster #posterdesign #fanart #adagency #插畫 #黑袍糾察隊 @PosterSpy https://t.co/K8gHOn63Ak",1.311325479282991e+18
34,2020-09-30 15:17:31,PJoB1WKv6L4kizt,#月岡 #月穂 #わたしの幸せな結婚 #三 #富士見L文庫 #Amazon https://t.co/IxvxRM7Xqr,1.3113243003438776e+18
35,2020-09-30 15:19:28,ETNOWlive,"#Amazon India said it has created more than one lakh seasonal jobs in the country ahead of festive season to meet the higher demand it anticipates in the coming weeks. ET NOW's @chandrarsrikant with details! @amazonIN 
https://t.co/QGLs5WYA7U",1.3113247936023388e+18
36,2020-09-30 15:20:47,XperienceDope,"Blasting Ciara, Chamillionaire - Get Up (Club) right now on Pretty Dope Xperience Radio aka #BlackPandora

listen now and catch a wave!! https://t.co/VqKFopeoex  #nowplaying #np #RT  #NowStreaming #Streema Download Now #Alexa #GooglePlay #iOSAppStore #Amazon #",1.3113251226204652e+18
37,2020-09-30 15:23:27,_mis_ter_e_,"Make #Superman LEGO portraits !!

#dccomics #HenryCavill #christopherreeve #batman #benaffleck #dcfandome #JusticeLeague #JusticeLeagueSnyderCut #JusticeLeagueTheSnyderCut #amazon #kindle #kindlebooks #kindleunlimited
https://t.co/zTZgg0RgVe",1.3113257960663654e+18
38,2020-09-30 15:23:42,TechGooRooo,"Uhhh...pretty sure Apple released the iPad Pro 4th gen already. Who's mans is this?
#amazon #what #fakenews #ecommerce #amazon
https://t.co/rZ4uifYM33",1.311325859463168e+18
39,2020-09-30 15:21:40,JennyLI78198573,"ネイルドライヤー ジェルネイル  価格3099円
Paypalで全額返金
レビュー募集
希望の方はDMください
#レビュー募集 #レビューアー #レビュー #アマゾンレビュー #無料商品 #無料情報 #無料Amazon #無料 #amazonレビュー募集 #Amazonレビュー #アマゾン #amazonレビュー #Amazon #懸賞 #セラー #フォロー https://t.co/WVm2uxcW1v",1.3113253458956902e+18
40,2020-09-30 15:19:30,gitaro9,"https://t.co/nSqmI3TjYv
#ibiza #electro #techno #club #テクノ #art #popart #芸術 #絵 #soundcloud #music #beatport #itunes   #絵画 #アート #写真 #photo #spotify #東京 #大阪 #福岡 #amazon  #Apple Music   #Google Play Music #RecMusic #AWA 
#LINE MUSIC #Amazon",1.3113248003384156e+18
41,2020-09-30 15:17:40,DPassionBlog,"Il #PrimeDay2020 è stato ufficialmente annunciato da #Amazon, scopri Tutte le Offerte Segrete

Amazon Prime Day 2020 sta arrivando. 48 ore con grandi offerte su tantissimi prodotti fino al 50% di sconto. https://t.co/OUHCJApJUz",1.3113243406638449e+18
42,2020-09-30 15:22:19,b2digitalotc,Great article out today on our company as B2 Digital prepares for a game changing update next week! The Rise of “B2Digital Inc (OTCMKTS: $BTDG) Could be in Very Early Innings” https://t.co/sWAGgtt7gi  #Amazon #AppleTV #Android (This is an independent paid promotional article) https://t.co/OJVjAyKeRS,1.3113255110758892e+18
43,2020-09-30 15:21:09,alexandresaiz,"E-Business: Cómo ganar dinero en Internet , adquiérelo ya en #Amazon . https://t.co/X5I47s16do",1.3113252166441738e+18
44,2020-09-30 15:23:26,Charlie_Cawood,"Katy Perry - Bon Appétit #bigtimeradio https://t.co/N76xPoatRr @Charlie_Cawood @BigTimeRadio1 @bigtime_news
 on #Amazon Echo &amp; App https://t.co/c7cZfm4MQo  #Top40 #Music 247 #Worldwide 3 #Radio #Stations 43 #Countries #Interviews #Billboard https://t.co/JiPHr6jZyC  #SUBMI",1.3113257903620465e+18
45,2020-09-30 15:22:43,SamHModel,"Added Crash 4 to my #wishlist! 

https://t.co/M6z6rKdIaw

#amazon",1.3113256101034967e+18
46,2020-09-30 15:20:12,Galitt_officiel,"Amazon rolls out palm payment technology https://t.co/KafWQqF3uP via @Finextra 

#Amazon #ecommerce #technology #innovation #payments",1.3113249762351186e+18
47,2020-09-30 15:19:30,honest_Rit,Certified Hustler https://t.co/cNTRDbsjKC #Amazon,1.3113248003678536e+18
48,2020-09-30 15:21:11,SolTaylorRdL,"Novedad 💯

Un amor de locos… y una vida de locos. 

Enlace: https://t.co/mlGMVrNxiz

#kindle #KindleUnlimited #Amazon #ebook #romantica #comedia #humor #romance #leer #novela https://t.co/MSTtu42oyA",1.3113252251419156e+18
49,2020-09-30 15:23:49,Chimpmart_2016,"Loving this Cooks Drawer standing rice paddle in White color. So cute.❤️
.
Get this in the link below or in bio:
https://t.co/R3UQHJOAmq
.
.
#Chimpmart #Gift #GiftIdeas #CooksDrawer #Kitchen #MustHave #KitchenAccessories #Accessories #AddToCart #OnlineShopping #ShopOnline #Amazon https://t.co/7V4ivvHYvl",1.3113258863611372e+18
,date,screen_name,tweet,tweet_id
0,2020-09-30 15:14:02,INDIEBOOKSOURCE,"BOOKS BY
https://t.co/4zRT7gj7F8
AUTHOR RICK BENTSEN
#Books #IARTG #Kindle #Amazon #ReadIndie #indieauthors #ian1 #bookboost
 @rickbentsen https://t.co/tznq0Ayevb",1.311323424250368e+18
1,2020-09-30 15:13:05,DealsNQuiz,"#Amazon | World Animal Day Quiz Answers

Answer:- Australia
Answer 2:- Skunk
Answer 3:- CAT
Answer 4:- LION
Answer 5:- Tiger https://t.co/iGoLUDlfAT",1.3113231843108823e+18
2,2020-09-30 15:11:56,AntonioLinkinYT,"NBA 2k21 PS5 - 64,99€:
https://t.co/GKnHhQKNUV
#NBA2K21 #NBA #Amazon #AmazonFR",1.3113228975045018e+18
3,2020-09-30 15:14:52,CholloLinkES,"‍SUPER OFERTA ❗️🔸 #Amazon | #Jardín
📣KitGarden - Carpa Plegable 2x2 Multifuncional, Beige, Deluxe 2x2

⛔️ PVP: 49,95€ 
 ✅PRECIO OFERTA: 37,95€ 

   ⤵️ Link de compra
   🌐 https://t.co/52mZYNJpE3

Visto en https://t.co/JpQzg3pNYP https://t.co/pjlHNeJ4Pk",1.3113236362513613e+18
4,2020-09-30 15:12:49,funmefashion,Check out what I found. Brand New 18M  Red Silver White Luxury 2020 Christmas Tree Wrapping Paper  https://t.co/B7AK7KVKlA via @eBay_UK #teal #win #shopping #Tbt #trending #musthave #lowstock #get #wrapping #paper #ebay #amazon,1.3113231197438853e+18
5,2020-09-30 15:10:08,FranFPerea,"El Corte Inglés lanza una 'app' con una tarifa más económica para competir con Amazon
#ecommerce #amazon https://t.co/BATIdOfZGz",1.3113224436554424e+18
6,2020-09-30 15:13:09,m_adil80,"If you don’t know what to sell or what products are popular at the moment on #Amazon... 
Here’s a tip: Check out this ALL-IN-ONE AMAZON SPLIT TESTING TOOL https://t.co/bwjhQOFNHH",1.3113232015411569e+18
7,2020-09-30 15:10:06,AnaLuciaNovak,#Amazon: More Than An Online Store https://t.co/BSK2m361MJ via @StatistaCharts,1.3113224373096817e+18
8,2020-09-30 15:16:25,elsuperchollo,"🏆Descuento de campeonato🏆 #Amazon 

Court Royale AC Canvas, Zapatillas para Mujer 

⬇⬇⬇ Bajón del 31% 

💵 Precio desde 18,30 EUR

🔰 Enlace: https://t.co/k6A5gGsTNQ 

🌐 https://t.co/97pwP0FLUR https://t.co/tuhPFXixt0",1.3113240243419628e+18
9,2020-09-30 15:15:00,doblellave,#Innovación | #Amazon presentó sistema para pagar con la palma de la mano https://t.co/rZnmIT3ZOB,1.3113236680776335e+18
10,2020-09-30 15:13:02,akirakuda986,"#Amazon 
Amazonでたわいも無いような備品を購入したんだが、どうあがいても置き配指定出来ない。置き配出来る時と出来ない時の違いは何なんだろう？",1.311323173573415e+18
11,2020-09-30 15:11:55,lootupdates4u,"2Left Fast
https://t.co/sI1nAkGwEP 

8 pc rs 779

Littmann Lightweight II S.E. 2454 Stethoscope (Ceil Blue) at rs  2646

https://t.co/bH78uz5r6I

flipkart sellig same for rs 6000+ https://t.co/PH8gLkEf46 and stock are subject to change #amazon #dealoftheday #flipkart #loot #c…",1.3113228915611648e+18
12,2020-09-30 15:15:51,EverythingC64,"In stock ...

Commodore C16, C64, C128 TV Audio/Video RCA Cable by CoolNovelties.

Price: £6.98 &amp; FREE UK Delivery.

Link: https://t.co/8B2vsfz5cN

#Commodore #Commodore64 #C64 #Commodore16 #Amazon #Commodore128 #RetroComputing #RetroGaming https://t.co/ikJY8YZWrY",1.3113238836230636e+18
13,2020-09-30 15:15:15,XperienceDope,"Blasting Haiti Babii - Fuh Nuc right now on Pretty Dope Xperience Radio aka #BlackPandora

listen now and catch a wave!! https://t.co/VqKFopeoex  #nowplaying #np #RT  #NowStreaming #Streema Download Now #Alexa #GooglePlay #iOSAppStore #Amazon #",1.3113237329762058e+18
14,2020-09-30 15:15:19,CoolDealCA,"RayPard 24-Piece Silverware Set with 5-Compartment Box Tray for $17.99!!

#freebies #deals #deal #moneysaver #greatdeal #steals #discount #sale #bargain #bargainhunter #bargainshopper #cheap #bestprice #Amazon  #Deals #giveaway #Deal #ganga

 https://t.co/gpksF9mCjo https://t.co/vaMnymwF01",1.3113237468720374e+18
15,2020-09-30 15:11:06,heiseonline,"Kurz informiert: Pandemie-App, Power Platform, Amazon One, Klimawandel https://t.co/tLA0gEkonm #kurzinformiert #Amazon",1.3113226873991741e+18
16,2020-09-30 15:12:14,GeraMudit,"AMAZON GREAT INDIAN FESTIVAL SALE, FLIPKART BIG BILLION DAYS SALE ANNOUNCED IN INDIA

#Amazon #AMAZONGREATINDIANFESTIVAL #BIGBILLIONDAYS #ecommerce #FESTIVESEASON #Flipkart https://t.co/37tZtJqhmK https://t.co/0uieGjRd2R",1.3113229708335145e+18
17,2020-09-30 15:11:15,NeonFeline,"@sumimi_spla 24インチです

BenQ ゲーミングモニター ディスプレイ ZOWIE ... https://t.co/ex1pUeKgMm #Amazon",1.3113227235917128e+18
18,2020-09-30 15:15:41,EReynoldsLA,"⁦@DamienNicholls⁩ 
Yours for Eternity: A Love Story... https://t.co/NyOVY5xFNv #Amazon - Profoundly moving stories of hope, love, passion &amp; success written since the love letters between F.Scott &amp; Zelda Fitzgerald. A must read.",1.3113238388571095e+18
19,2020-09-30 15:12:27,TheInStockRoom,"***New Deal***
Ofat Home Japanese Hokusai The...
Reduced from $21 to $10
Coupon code: 5059JR6D
https://t.co/OlyMKcEOHB
#Deals #newDeals #savings #Amazon https://t.co/adKcERiOns",1.3113230261060772e+18
20,2020-09-30 15:13:55,AmwakeBelinda,"Last Chance! Would you like to win a $50 Amazon Gift Card or PayPal Deposit? Check out this easy entry Gleam giveaway for a chance to #WIN

Open Worldwide

@GooseGiveaways #wingiftcard #wincash #amazon #paypal #winmoney #sweepstakes #giveaways https://t.co/c3LPg6gKOg",1.3113233970292736e+18
21,2020-09-03 18:26:48,LenovoLegion,"Lenovo Legion x @PlayApex
Now is your chance to rise above the rest. 
Unmatched performance, purposeful engineering, modern design.
Gear up with a machine as savage as you are.
Stylish outside.
Savage inside.",1.301587465258578e+18
22,2020-09-30 15:11:20,kino298,FIELDOOR アルミ コンテナボックス 取っ手付 キャンプ ギア 工具 収納 スタッキング 軽量 強度 アウトドア 屋外 トラン... https://t.co/eNBB9wqKyC #Amazon,1.311322746857513e+18
23,2020-09-30 15:11:13,AntonioLinkinYT,"NBA 2k21 with DLC, PS5 - 69,99£:
https://t.co/IwU7PPQfdm
#PlayStation5 #PlayStation #NBA2K21 #AmazonUK #UK #Amazon",1.3113227179631288e+18
24,2020-09-30 15:10:33,TheInStockRoom,"***New Deal***
UNREAL Mobile Moto E4 CPO Prep...
Reduced from $99.99 to $42.67
https://t.co/yzbrTsPbEa
#Deals #newDeals #Amazon https://t.co/cmPko3YNp8",1.311322547988951e+18
25,2020-09-30 15:12:39,PalletFly,"HOT DEAL! Pic CIT STK Citronella Sticks
Retail Price: $19.97
Your Cost: $2.75
Minimum Order: 468 Units
Total Available: 10000 Units
https://t.co/ST1YnNwYZq

#wholesale
#amazonfba
#fba
#amazonreseller
#resellerdeal
#fbaseller
#amazon
#Lawn &amp; Patio
#Lawn &amp; Patiowholesale
#palletfly https://t.co/QFQ0kZ3ZnU",1.3113230753176494e+18
26,2020-09-30 15:11:50,rakten_kaden_,"10/01 00:11

【クリーナースタンド（ZT-CS27-PU）　おま
【楽天】11000円
【Amazon】11868円

★楽天で購入すると★
 868円 お得（お得率8％）

↓お得な情報を一覧で確認出来るサイト
https://t.co/kMQYxgL6Rh

#楽天市場 #Amazon #お得 #せどり https://t.co/l7Xxt5y1pH",1.3113228701322732e+18
27,2020-09-30 15:14:41,ChollosDescubre,"‍SUPER OFERTA ❗️🔸 #Amazon | #Jardín
📣KitGarden - Carpa Plegable 2x2 Multifuncional, Beige, Deluxe 2x2

⛔️ PVP: 49,95€ 
 ✅PRECIO OFERTA: 37,95€ 

   ⤵️ Link de compra
   🌐 https://t.co/WhK30CA3sl

Visto en https://t.co/HW2VwUc9d2 https://t.co/yHKWjnx0dn",1.311323589111677e+18
28,2020-09-30 15:10:13,CoolDealCA,"Black 50-Pack of Face Masks for $16.88!!

#freebies #deals #deal #moneysaver #greatdeal #steals #discount #sale #bargain #bargainhunter #bargainshopper #cheap #bestprice #Amazon  #Deals #giveaway #Deal #ganga

 https://t.co/OEhxtvfgPH https://t.co/QRHVgfBs0I",1.311322465143001e+18
29,2020-09-30 15:14:05,Kidkrump_kk,"デュオゲリラ #荒野行動

開始、15分前‼️

🥇 賞金 1500×２

⏰24時30分 24:30

#デュオ #ゲリラ #賞金ルーム
#デュオゲリラ #シングル #大会
#iTunes #Amazon #Google 
#9月30日 #24時半 #確定枠 #荒野 https://t.co/zfWRTdoJ6J",1.3113234372777492e+18
30,2020-09-30 15:14:57,umi0714k,"このグリップヒーターいいな！

デイトナ(Daytona) グリップヒーター HOT GRIP ホットグリップ 巻きタイプ イージー USB タイプ [全長105m... https://t.co/iq54mXHY0d #Amazon",1.3113236572269978e+18
31,2020-09-30 15:11:07,_LoriMatthews_,"My first Novella, 𝗝𝘂𝘀𝘁𝗶𝗳𝗶𝗲𝗱 𝗠𝗶𝘀𝗳𝗼𝗿𝘁𝘂𝗻𝗲: 𝗕𝗿𝗼𝘁𝗵𝗲𝗿𝗵𝗼𝗼𝗱 𝗣𝗿𝗼𝘁𝗲𝗰𝘁𝗼𝗿𝘀 𝗪𝗼𝗿𝗹𝗱 is available for #PreOrder and on #Sale for Just $2.99 Order on #amazon  https://t.co/uNPVwRCOOy @RomanticsAtHart You might like this #RomanceReaders #romancenovels https://t.co/tmz6S2wpFT",1.3113226900039066e+18
32,2020-09-30 15:12:00,Haidji,"Book Quote: ""I kissed the ground because..."" Click  on https://t.co/hKNCp1wM5H #gratitude #life  #quoteoftheday #quotes #kindleunlimited #bookquotes #read #ebook #ku  #paperback #amazon  #inspiration #haidji #goodreads #books #read #reading #BookBoost https://t.co/lEsvwcxnPq",1.311322912939561e+18
33,2020-09-30 15:10:05,ChollosDescubre,"‍SUPER OFERTA ❗️🔸 #Amazon | #Juguetes
📣Pop! Bobble: Avengers Endgame: Thanos

⛔️ PVP: 14,99€ 
 ✅PRECIO OFERTA: 9,90€ 

   ⤵️ Link de compra
   🌐 https://t.co/68nXg1oRfH

Visto en https://t.co/HW2VwUc9d2 https://t.co/6I3E07zkA3",1.3113224312320573e+18
34,2020-09-30 15:12:26,rahulag1991,I played this interesting Quiz on Amazon-Play games at Amazon FunZone  https://t.co/Ex5zw5p827 #Amazon #AmazonQuiz #OnePlus8T5GAmazonQuiz @amazonIN https://t.co/SmyqCNjUSR,1.3113230224066724e+18
35,2020-09-30 15:10:33,CoolDealCA,"AquaDance High Pressure 6-Setting Shower Head for $16.42!!

*Rainfall one for $16 
  
#freebies #deals #deal #moneysaver #greatdeal #steals #discount #sale #bargain #bargainhunter #cheap #bestprice #Amazon  #Deals #giveaway #Deal #ganga

 https://t.co/v5VAMdolXr https://t.co/e3k4Ig2C8G",1.3113225468355174e+18
36,2020-09-30 15:14:47,MaxiChollo,"‍SUPER OFERTA ❗️🔸 #Amazon | #Jardín
📣KitGarden - Carpa Plegable 2x2 Multifuncional, Beige, Deluxe 2x2

⛔️ PVP: 49,95€ 
 ✅PRECIO OFERTA: 37,95€ 

   ⤵️ Link de compra
   🌐 https://t.co/5FRFBHZQQ7

Visto en https://t.co/HGTfnxg2wd https://t.co/xqQlBcmU2x",1.3113236125788078e+18
37,2020-09-30 15:11:05,SolTaylorRdL,"LIBÉLULAS AZULES  
¿Quién mató a Sharon Nichols? Descubre la respuesta a una pregunta que atormenta a #EthanBush 
OFERTA AQUÍ&gt;&gt;&gt; https://t.co/6AfYeMhtqS 
@merylaso 

#kindle #KindleUnlimited #Amazon #leer #thriller #novela #NovelaNegra #ebooks https://t.co/olNwdYvnhe",1.3113226831797002e+18
38,2020-09-30 15:16:07,cf_hanz,"Success!!
#高岡すみれ ☆Presents*
https://t.co/1GEk33bbOk
#DMM https://t.co/oURFXG0QF6
#Amazon https://t.co/HE5qKos2cP
#R18 #クラウドファンディング",1.3113239495869604e+18
39,2020-09-30 15:16:05,chollosyoferta,"#Chollo #Amazon Camelion BC 1012   Cargador de Pilas (Incluye 2 Pilas Recargables de 2300 mAh y 2 Pilas Recargables de 800 mAH)

Precio oferta: 7,7

    👇👇👇👇👇👇👇
👉 https://t.co/UXzuaLm9NA https://t.co/9YHWJ8pMcz",1.3113239415045202e+18
40,2020-09-30 15:12:33,CoolDealCA,"💲💰
Ofat Home Japanese Hokusai The...
Reduced from $21 to $10
Coupon code: 5059JR6D

# #Deals #new #Deals #savings #Amazon  #Deal #ganga

 https://t.co/xGxqJj3kQb https://t.co/5aKJIDhssz",1.3113230518884352e+18
41,2020-09-30 15:10:39,CoolDealCA,"💲💰
UNREAL Mobile Moto E4 CPO Prep...
Reduced from $99.99 to $42.67

# #Deals #new #Deals #Amazon  #Deal #ganga

 https://t.co/hgeUPZn9iC https://t.co/tJIhUxYyCJ",1.3113225726723727e+18
42,2020-09-30 15:14:31,Amazonoffer28,"Top 5 Budget SmartPhone Series:
#Amazon 
#AmazonDeals 
Contender No. 5
Realme 6i 
RAM 4GB
Storage 64GB
Android 10
Battery Capacity : 4300mAh
Processor : MediaTek Helio G90T
Buy Now. Click On The Link Below.
https://t.co/cYhFBqiUV8",1.3113235462792684e+18
43,2020-09-30 15:14:51,mochilovem,[凛RIN] ガラス製 透明ピアス リテーナー Oリング ラブレットスタッド ボディピアス 軟骨ピアス(18G/ストレートタイプ) https://t.co/yopQSIIAGA #Amazon,1.3113236295193969e+18
44,2020-09-30 15:11:19,TheInStockRoom,"***New Deal***
32GB Amazon Fire HD 10"" Alexa ...
Reduced from $179.99 to $100
https://t.co/Jj1YFNhTsy
#Deals #newDeals #Discounts #Amazon https://t.co/aS6fJvyNtG",1.311322743124775e+18
45,2020-09-30 15:10:12,Mkt4eCommerceCO,Esta estrategia representa un paso para la posibilidad de usar #Amazon como un marketplace de ventas en #Colombia. https://t.co/Jh6dX7gXIf,1.3113224587677204e+18
46,2020-09-30 15:15:42,thestalkermovi1,Hayden Hamilton Jimmy Ace Lewis and Josh Hamilton Gaven Wilde Two ways to watch The Stalker for free on Tubi https://t.co/9SPAgtHcou and on Amazon https://t.co/r52EcnnnDt #tubi #amazon #slasher #indiethriller #supportindiefilm #indierightsmovies #thriller @indierights https://t.co/6McIfOoMXd,1.311323846872572e+18
47,2020-09-30 15:10:03,creativemm12,"#Crocs の [クロックス] サンダル クロックバンド クロッグ 11016 ブラック 22.0 cm
https://t.co/NJXI39gPZP
#500ADay
#미국배송대행
#amazon
#Eric #Trump
#Spitting #Image
#128 #WATERLOO",1.3113224250621706e+18
48,2020-09-30 15:10:52,skybeansmusic,"RUN https://t.co/F9fRayV1GU #Amazon

今夜はこれで締めます♪",1.3113226291402179e+18
49,2020-09-30 15:11:15,hispachollos,"🌀 Q Plus Android 9.0 TV Box con Mini Teclado inalámbrico retroiluminado, Allwinner H6 Quad-Core 64bit Arm Corter-A53 CPU 4GB RAM 32GB RAM Mali T720 GPU 4K 6K Resolución 2.4GHz WiFi 100M LAN Enternet. #Amazon 🇪🇸

🕘 PRECIO FLASH: 33,99 ...
https://t.co/T2iyncV200
#chollo",1.3113227247829647e+18
,date,screen_name,tweet,tweet_id
0,2020-09-30 15:05:11,kana_ogawa,"【J-POPDVD】ベスト10
【https://t.co/u4EfhPUCmC限定】乃木坂工事中~グアム編~(オリジナル三方背ケース(グアム編ver.付) [Blu-ray]
https://t.co/ohSEGf7SS8 #Amazon",1.311321198400209e+18
1,2020-09-30 15:10:00,MaxiChollo,"‍SUPER OFERTA ❗️🔸 #Amazon | #Juguetes
📣Pop! Bobble: Avengers Endgame: Thanos

⛔️ PVP: 14,99€ 
 ✅PRECIO OFERTA: 9,90€ 

   ⤵️ Link de compra
   🌐 https://t.co/burtxhoeGU

Visto en https://t.co/HGTfnxg2wd https://t.co/Q6WjQrMjxG",1.311322410608722e+18
2,2020-09-30 15:09:51,enjoylgst,"⚡Amazonのレゴ(LEGO)新発売速報⚡
Amazonで10月1日(木)発売レゴ新製品一斉発売！ラプンツェルとオーロラ、アイアンマンレゴアートは楽天レゴストアより安い。あとシティエアレース。アイアンマンは楽天はずっと品切れ

今すぐチェック⇒ https://t.co/PLIwEWCjMb

#即ポチ速報 

#Amazon #LEGO https://t.co/ebxIr38OE3",1.3113223717190124e+18
3,2020-09-30 15:06:27,TheInStockRoom,"***New Deal***
Elf Queen Women's High Waist C...
Reduced from $22 to $14
Coupon code: 35M5C3LC
https://t.co/zFqrjzHeS1
#Deals #newDeals #savings #Amazon https://t.co/HpaPbaUkkI",1.3113215181027697e+18
4,2020-09-30 15:09:03,s_repose,Great reading for dark days. #WritersLife #Suspense #Kindle #WomensFiction #Thriller #Amazon https://t.co/wbVbFnHmUr,1.3113221714325627e+18
5,2020-09-30 15:05:48,kana_ogawa,"【J-POPDVD】ベスト10
生田工事中 (Blu-ray Disc) (特典なし)
https://t.co/3zRSRwR6hk #Amazon",1.3113213522179277e+18
6,2020-09-30 15:05:24,Gabi_Rosetti,"Please follow my #Amazon profile for my latest #Kindle and #KindleUnlimited Reviews:

https://t.co/Q2iJ2vgnHD

#AmReading

Reviewer Ranking #1,027 #ThankYou",1.3113212536013578e+18
7,2020-09-30 15:09:49,KitKatPoetess,"Preorder this #YA #NA #romance, Coffee on #Amazon for #Kindle!

*Paperback out after it's release*

Other available titles: (poetry)
- The Way We Fall ⭐⭐⭐⭐⭐
- The Moon is Ours ⭐⭐⭐⭐⭐
- Despair, Spare Me Not (paperback out preorder on #Kindle)
Link
https://t.co/cvpZ0ZSAI4 https://t.co/9M0UNAQyCV",1.3113223633976402e+18
8,2020-09-30 15:08:44,MaxiChollo,"‍CHOLLAZO ❗️🔸 #Amazon | #Productos
📣TRIXIE 12 Pañales para Perro Macho, S-M, 30-46 cm

⛔️ PVP: 10,15€ 
 ✅PRECIO OFERTA: 6,99€ 

   ⤵️ Link de compra
   🌐 https://t.co/1kkKz4HrNy

Visto en https://t.co/HGTfnxg2wd https://t.co/s46oVczSvk",1.311322092315517e+18
9,2020-09-30 15:09:55,CholloLinkES,"‍SUPER OFERTA ❗️🔸 #Amazon | #Juguetes
📣Pop! Bobble: Avengers Endgame: Thanos

⛔️ PVP: 14,99€ 
 ✅PRECIO OFERTA: 9,90€ 

   ⤵️ Link de compra
   🌐 https://t.co/G3QjeSA6ph

Visto en https://t.co/JpQzg3pNYP https://t.co/eB266ka21l",1.3113223898133627e+18
10,2020-09-30 15:05:12,ModProps,"#Bezos do better. You have plenty of resources to fix this. “Serious injuries at Amazon fulfillment centers topped 14,000, despite the company’s safety claims...” #Amazon #OSHA 
https://t.co/Z27v3qCVmt",1.311321201701159e+18
11,2020-09-30 15:08:21,MikeSta92852294,"Last Chance! Would you like to win a $50 Amazon Gift Card or PayPal Deposit? Check out this easy entry Gleam giveaway for a chance to #WIN

Open Worldwide

@GooseGiveaways #wingiftcard #wincash #amazon #paypal #winmoney #sweepstakes #giveaways https://t.co/AZ7mG8ZO1q",1.311321996417028e+18
12,2020-09-30 15:09:24,chollodescuento,"CHOLLOS y DESCUENTOS ⁣OFERTÓN Tenda AC6 - Router inalámbrico, Doble Banda, AC1200, 4 puertos Megabit, WiFi Inteligente, 4 Antenas, por 24,64€ #Amazon Enlace: https://t.co/CECtTYCvan Código: No necesita Visto: https://t.co/tssN0NBD8Q https://t.co/jrlwaL7I11 …",1.3113222602848092e+18
13,2020-09-30 15:06:06,TheTechVector,"This RAVPower Portable External SSD Pro, 512GB Hard Drive is 15% off at $87.99 

https://t.co/FxxUi1yMmo 

via @amazon 

#RavPower #ExternalSSD #Deals #dealsoftheday #Amazon",1.311321427191173e+18
14,2020-09-30 15:05:06,kana_ogawa,"【J-POPDVD】ベスト10
Last Language ~30 hours drumming~ [DVD]
https://t.co/5AbH5Zfwxg #Amazon",1.311321176468144e+18
15,2020-09-30 15:05:21,kana_ogawa,"【J-POPDVD】ベスト10
【https://t.co/u4EfhPUCmC限定】与田工事中(オリジナル三方背ケース(与田工事中ver.)付) [Blu-ray]
https://t.co/zRFLLkZTYJ #Amazon",1.3113212422222602e+18
16,2020-09-30 15:08:35,ChollosDescubre,"‍CHOLLAZO ❗️🔸 #Amazon | #Productos
📣TRIXIE 12 Pañales para Perro Macho, S-M, 30-46 cm

⛔️ PVP: 10,15€ 
 ✅PRECIO OFERTA: 6,99€ 

   ⤵️ Link de compra
   🌐 https://t.co/9uWs5gB8mX

Visto en https://t.co/HW2VwUc9d2 https://t.co/QAVr7jkQbt",1.3113220558167327e+18
17,2020-09-30 15:08:29,hispachollos,"🌀 HUAWEI MediaPad T5 - Tablet de 10.1"" FullHD (Wifi, RAM de 3GB, ROM de 32GB, Android 8.0, EMUI 8.0), Color Negro. #Amazon 🇪🇸

💶 Precio oferta: 157,99€ 💥 (PVP normal: 229€)

♻️ Reacondicionado: 126,83€

💳 Enlace: https://t.co/WHZg1mOAeC ...
https://t.co/BA8VZpgPvY
#chollo",1.3113220298162627e+18
18,2020-09-30 15:08:50,CholloLinkES,"‍CHOLLAZO ❗️🔸 #Amazon | #Productos
📣TRIXIE 12 Pañales para Perro Macho, S-M, 30-46 cm

⛔️ PVP: 10,15€ 
 ✅PRECIO OFERTA: 6,99€ 

   ⤵️ Link de compra
   🌐 https://t.co/bdfn646fZe

Visto en https://t.co/JpQzg3pNYP https://t.co/QKYw8nnPGV",1.3113221151745516e+18
19,2020-09-30 15:07:19,ElisaBorciani,"Un manoscritto incompleto. Una storia perduta. Due anime e un destino legate a un enigma. Un'avventura che porterà i personaggi a ricucire la trama del tempo per comprendere come certi legami siano più forti di qualunque oblio. Il mio nuovo romanzo, presto su #amazon #libri https://t.co/e72WD6wMXU",1.3113217356025487e+18
20,2020-09-30 15:09:30,YUKIKO98804439,"想像してたんと違う
軽くホラーなんですけど😇
#Amazon https://t.co/i7wCfsvH6V",1.3113222839112049e+18
21,2020-09-30 15:07:04,RoMemoria,"Si de verdad amas la #Poesía; si, de verdad, buscas algo que te sorprenda y conmocione, entra en el universo #poético de Juan Sevillano y saborea sus #versos #Poeta #Poemas #Amazon #KindleUnlimited #Madrid https://t.co/dZftc7OhgD https://t.co/dPQ5eIakxl https://t.co/DK6SwzbAlc",1.3113216737951334e+18
22,2020-09-30 15:07:05,DakotaReisen,Not all heros wear capes some wear costumes! Get your spooky on this season with movies! @SYFY @FreeformTV @AMC_TV @netflix @Hulu @amazon @Shudder #Halloween #October #syfy #AMCFearFest #freeform #Netflix #huluween #Shudder #Amazon https://t.co/Saznrxn419,1.3113216749109248e+18
23,2020-09-30 15:06:32,CholloLinkES,"‍SUPER OFERTA ❗️🔸 #Amazon | #Salud
📣Aislado de Proteína de Soja en Polvo | 100% A Base de Plantas | Bajo en Grasa | Sin Azúcar Añadido | 2kg

⛔️ PVP: 29,49€ 
 ✅PRECIO OFERTA: 22,90€ 

   ⤵️ Link de compra
   🌐 https://t.co/lYF2qQ7D11

Visto en https://t.co/JpQzg3pNYP https://t.co/AKtz40qrKy",1.311321538419884e+18
24,2020-09-30 15:06:37,MaxiChollo,"‍SUPER OFERTA ❗️🔸 #Amazon | #Salud
📣Aislado de Proteína de Soja en Polvo | 100% A Base de Plantas | Bajo en Grasa | Sin Azúcar Añadido | 2kg

⛔️ PVP: 29,49€ 
 ✅PRECIO OFERTA: 22,90€ 

   ⤵️ Link de compra
   🌐 https://t.co/8wRPnWMQh4

Visto en https://t.co/HGTfnxg2wd https://t.co/LOFKGKf4cn",1.3113215598360003e+18
25,2020-09-30 15:09:00,DButler1958,"U.S. tech giants face curbs on data sharing, digital marketplaces, under draft EU rules https://t.co/l7JERJ3ACc #TechGiants #Google #Facebook #Amazon #Technology #EU",1.3113221605527265e+18
26,2020-09-30 15:07:56,VfGoaBCrLiInilf,"Amazonベーシックのリフティングダンベルで筋トレ！
 https://t.co/osDxYRtFu5
 #Amazon #筋トレ #トレーニング #ダイエット #運動不足",1.3113218900995727e+18
27,2020-09-30 15:05:34,lootupdates4u,"In Stock : OnePlus Buds (Nord Blue) 4999.

https://t.co/WeU6GnPE37

Back :- Rs.101
Flat 83% Off
Quantum 4 Port high speed USB Hub

https://t.co/SSaYS1cfiM https://t.co/zpHQHJGgSF and stock are subject to change #amazon #dealoftheday #flipkart #loot #coronavirus",1.3113212954523525e+18
28,2020-09-30 15:07:44,Passion4words7,Zen &amp; Poetry adult colouring book by Melissa Maynard https://t.co/jSt4wXDPGM via @amazon Grab your copy today! #WednesdayWisdom #wednesdaymorning #WednesdayThoughts #WeDoMoreWednesdays #book #Amazon #writerslift #Writer #writersofinstagram,1.311321841059926e+18
29,2020-09-30 15:07:40,OmmcomNews,"ଆମାଜନର ବହୁ ପ୍ରତୀକ୍ଷିତ ବାର୍ଷିକ ବିକ୍ରୟ ଇଭେଣ୍ଟ ପ୍ରାଇମ ଡେ ଚଳିତ ବର୍ଷ ଅକ୍ଟୋବର 13-14 ରେ ଅନୁଷ୍ଠିତ ହେବ। ଏହି ଘୋଷଣା କରି ଆମାଜନ ସେହି ସମସ୍ତ ଅନିଶ୍ଚିତତାକୁ ନିଶ୍ଚିତ କରିଛି । 

#amazon #primedaysale #greatindiansale
https://t.co/TGHxCEnvwZ",1.3113218242322227e+18
30,2020-09-30 15:05:42,kana_ogawa,"【J-POPDVD】ベスト10
【https://t.co/u4EfhPUCmC限定】梅澤工事中(オリジナル三方背ケース(梅澤工事中ver.)付) [Blu-ray]
https://t.co/YiTxfoo1An #Amazon",1.311321330277466e+18
31,2020-09-30 15:09:42,_Hacx7,"出￤1500Amazon
求￤1500PayPay

FF基本先送り可能！
絶対詐欺ないのでdmきてください
#Amazon
#交換
#ぺいぺい",1.3113223338276209e+18
32,2020-09-30 15:06:10,XperienceDope,"Blasting Kalan.Frfr, YG - Right With It (Rmx) Club) right now on Pretty Dope Xperience Radio aka #BlackPandora

listen now and catch a wave!! https://t.co/VqKFopeoex  #nowplaying #np #RT  #NowStreaming #Streema Download Now #Alexa #GooglePlay #iOSAppStore #Amazon #",1.3113214469002813e+18
33,2020-09-30 15:06:33,CoolDealCA,"💲💰
Elf Queen Women's High Waist C...
Reduced from $22 to $14
Coupon code: 35M5C3LC

# #Deals #new #Deals #savings #Amazon  #Deal #ganga

 https://t.co/6vXGh2or0m https://t.co/TbVmxz3RFC",1.3113215427653018e+18
34,2020-09-30 15:06:09,AIUESAKU,"Amazonほしい物リストを一緒に編集しましょう https://t.co/DUjJm0SW8i #Amazon

ジャージー牛乳プリン下さい",1.3113214424457953e+18
35,2020-09-30 15:07:23,Charlie_Cawood,"11 - Best Of Me #bigtimeradio https://t.co/N76xPoatRr @Charlie_Cawood @BigTimeRadio1 @bigtime_news
 on #Amazon Echo &amp; App https://t.co/c7cZfm4MQo  #Top40 #Music 247 #Worldwide 3 #Radio #Stations 43 #Countries #Interviews #Billboard https://t.co/JiPHr6jZyC  #SUBMI",1.311321750710481e+18
36,2020-09-30 15:08:31,klbauthor,"🥳🥳FREE BOOK🥳🥳 
#free #freebies #freebooks #KindleBooks

Dark Angel https://t.co/CJwGOPCe6H #Amazon# #AmazonDeals #books #BookBoost #bookposse #readingcommunity",1.311322035327578e+18
37,2020-09-30 15:05:02,TweetYourBooks,"We publish a variety of interesting #books listed on #amazon: #Architecture #Art #Biographies #Cooking #Health #Mathematics #Music #Nature #Politics #Religion and a variety of class-room tested books for #children.
Visit ➡️ https://t.co/7wJM2fm4y8
#readers @WParksPublisher",1.3113211600014868e+18
38,2020-09-30 15:06:22,ChollosDescubre,"‍SUPER OFERTA ❗️🔸 #Amazon | #Salud
📣Aislado de Proteína de Soja en Polvo | 100% A Base de Plantas | Bajo en Grasa | Sin Azúcar Añadido | 2kg

⛔️ PVP: 29,49€ 
 ✅PRECIO OFERTA: 22,90€ 

   ⤵️ Link de compra
   🌐 https://t.co/z3uLRwSis9

Visto en https://t.co/HW2VwUc9d2 https://t.co/7RtHVsMIIU",1.3113214944174817e+18
39,2020-09-30 15:06:42,DesabuseL,#Amazon lance une version canine d'#Alexa à emmener partout #Absurde #AssistantPersonnel #L214 #VachesAHublot #VachesAHublots #VachesHublot https://t.co/oc4VtxcOyc https://t.co/yt6kn4zAlo,1.3113215783204168e+18
40,2020-09-30 15:06:22,AlbertoART22,"@espana_amazon @AmazonHelp algún problema por el cual no funcione el chat ni el teléfono a través de vuestra web? Llevo intentando ponerme en contacto con vosotros a través de la web desde esta mañana, y nunca da la opcion para contactaros... #amazon #incidencia #chat #llamada",1.311321497840087e+18
41,2020-09-30 15:06:11,OfertacularRL,"‼️CHOLLAZO‼️ 👁‍🗨 #Ofertacular #Amazon #chollo #oferta #ganga

⚫️ Monitor Profesional QHD 32"" LG 

🛒: ➡️ https://t.co/ixCjj49zj3 ⬅️ https://t.co/gZjnJDUNot",1.311321448309502e+18
42,2020-09-30 15:05:37,kana_ogawa,"【J-POPDVD】ベスト10
【https://t.co/u4EfhPUCmC限定】大園工事中(オリジナル三方背ケース(大園工事中ver.)付) [Blu-ray]
https://t.co/2bmi1dWp4w #Amazon",1.311321308379009e+18
43,2020-09-30 15:05:01,Passion4words7,Passion4words: Self Care ideas during a pandemic https://t.co/MyQCNpNZDc #WednesdayWisdom #wednesdaymorning #WednesdayThoughts #selfcare #PandemicPoems #PandemicLife #Mindfulness #Amazon #selfcarebooks #motivational #book #BookBoost #selfcaretips #writerslift #Writer #blog,1.3113211554883625e+18
44,2020-09-30 15:05:29,zest241,Wow! It’s a #YOUNGADULT #GIFTCARD #GIVEAWAY #AMAZON #KINDLE https://t.co/FChmuvCTTh,1.3113212744891515e+18
45,2020-09-30 15:05:27,kana_ogawa,"【J-POPDVD】ベスト10
【https://t.co/u4EfhPUCmC限定】山下工事中(オリジナル三方背ケース(山下工事中ver.)付) [Blu-ray]
https://t.co/1WMEREm7pD #Amazon",1.3113212641920205e+18
46,2020-09-30 15:06:49,rakten_kaden_,"10/01 00:06

ケルヒャー 高圧洗浄機 静音モデル K3サイレント
【楽天】25580円
【Amazon】25778円

★楽天で購入すると★
 198円 お得（お得率1％）

↓お得な情報を一覧で確認出来るサイト
https://t.co/kMQYxgL6Rh

#楽天市場 #Amazon #お得 #せどり https://t.co/oDsoL1RV0i",1.3113216102052905e+18
47,2020-09-30 15:05:32,kana_ogawa,"【J-POPDVD】ベスト10
【https://t.co/u4EfhPUCmC限定】久保工事中(オリジナル三方背ケース(久保工事中ver.)付) [Blu-ray]
https://t.co/eMQLUYnvCn #Amazon",1.3113212864386499e+18
48,2020-09-30 15:05:16,kana_ogawa,"【J-POPDVD】ベスト10
【https://t.co/u4EfhPUCmC限定】乃木坂工事中~沖縄編~(オリジナル三方背ケース(沖縄編ver.)付) [Blu-ray]
https://t.co/E91OkQqbfG #Amazon",1.3113212203069727e+18
49,2020-09-30 15:05:47,Jesus_Trading,#Amazon #Alexa Games: Skill Preview Why Am I #Single https://t.co/0s9ATDe13c via @YouTube,1.3113213478599926e+18
,date,screen_name,tweet,tweet_id
0,2020-09-30 15:01:20,lablibredigital,"#Entérate 🗞️ | #Amazon desarrolló a través de tecnología biométrica un sistema de #pago colocando la mano sobre un dispositivo para escaneo. Podrá utilizarse como reemplazo de tarjetas de entrada a estadios o lugares de trabajo.🛒

#DatosBiométricos 

https://t.co/vrmE7HL6lZ",1.3113202309295923e+18
1,2020-09-30 15:05:01,kana_ogawa,"【J-POPDVD】ベスト10
ALL MV COLLECTION2 〜あの時の彼女たち〜 (完全生産限定盤) (Blu-ray) (特典なし)
https://t.co/Hlt4cVko4d #Amazon",1.311321154510975e+18
2,2020-09-30 15:00:37,FindBiometrics,"Amazon unveils ambitious new #biometric solution.

#biometrics #PalmBiometrics #BiometricAccessControl #NakedPayments #Amazon

https://t.co/l9M0kLaKtO https://t.co/W9zBfUgQUt",1.311320050712957e+18
3,2020-09-30 15:02:05,AccountingPath,"QuickBooks Online and Amazon Business now integrate
Small businesses using both platforms can now automate purchase reconciliation and categorization when making purchases on Amazon Business. #Amazon #QuickBooks #SmallBusinessAccountingSoftware #Accoun... https://t.co/TFT96en3h6",1.3113204190020895e+18
4,2020-09-30 15:02:09,reacochollos,"REACONDICIONADO❗♻️

        ✅ LotusGrill LOLK-1000-B, Standard, 1 KG

        🔥 OFERTA: 6.92€ 🔥

        🔰 https://t.co/BFjiRc1iXr

        #reacochollos #amazon #oferta #chollo #descuento https://t.co/ym3HN4AuXs",1.311320437008339e+18
5,2020-09-30 15:02:04,Megan_Hart,"First come the storms.
Then the infection.
And after that...resurrection.

https://t.co/GAmkmMTwB7

#amazon #applebooks #barnesandnoble #kobo #kindle #nook https://t.co/idVhiDBZdq",1.3113204138012508e+18
6,2020-09-30 15:00:48,yuki_nagase,"【ドキュメンタリーDVD】ベスト10
NHKスペシャル ホットスポット 最後の楽園 season3(Blu-ray BOX)
https://t.co/KZm5G1YsdR #Amazon",1.311320094190891e+18
7,2020-09-30 15:02:11,reacochollos,"PRODUCTO NUEVO❗💫

        ✅ Salomon Speedcross 4 W, Zapatillas de Trail Running para Mujer, Negro (Bl...

        🔥 OFERTA: 65.95€ 🔥

        🔰 https://t.co/6J9CYr1ORg

        #reacochollos #amazon #oferta #chollo #descuento https://t.co/X0hVuNcLCH",1.3113204450781716e+18
8,2020-09-30 15:00:43,ban_banko,インターネットでいますぐご購入いただける、当店の商品を紹介していきます！　商品のお知らせで気になるものがございましたら、ぜひRTやFavoをお願いいたします！(・ω・)ノ☆★ #通販 #Amazon #yahooauctions #followmejp #相互フォロー,1.31132007428053e+18
9,2020-09-30 15:01:37,tatianadesigns,How to enroll in #Amazon’s Brand Registry and protect your #business from hijackers via @RachelRofe  https://t.co/N10z229St5,1.3113202990240686e+18
10,2020-09-30 15:01:19,PeterHamerProd,"Water Ride Express (Original Game Soundtrack), the NEW #soundtrack album, available on
GooglePlay: https://t.co/eTeIfPrT2E
#iTunes : https://t.co/PvNwSHib30
#Amazon : https://t.co/H8cXVffg88",1.3113202263326515e+18
11,2020-09-30 15:01:59,WAKANAAGENCY,"【五十嵐啓輔 | 写真集情報】

#写真集 「#全国美男子行脚 5-2【#五十嵐啓輔 タイプB】」が発売されました！！
＊#Amazon(#Kindle のみ)

タイプAとは全く違う１冊に仕上がっておりますので、
販売ページでご覧ください。

https://t.co/JWSSYRIOhe

【タイプC】は10月上旬に発売予定！",1.3113203908959805e+18
12,2020-09-30 15:01:49,rakten_kaden_,"10/01 00:01

【送料無料】 パナソニック NE-MS236-W 
【楽天】25800円
【Amazon】26400円

★楽天で購入すると★
 600円 お得（お得率2％）

↓お得な情報を一覧で確認出来るサイト
https://t.co/kMQYxgL6Rh

#楽天市場 #Amazon #お得 #せどり https://t.co/4UpN6MI0mB",1.3113203499427676e+18
13,2020-09-30 15:00:33,NithinRavi12,Just ordered the Asus TUF A15 Ryzen 5 4600H version. #asus #Ryzen excited !!! #amazon,1.3113200315070956e+18
14,2020-09-30 15:03:00,ChollosDescubre,"‍BAJADA DE PRECIO ❗️🔸 #Amazon | #Hogar
📣Taurus Microondas Fastwave 20, 20L, 700W

✨6 potencias, Sin Grill, Función descongelar, Auto-clean

 ✅PRECIO OFERTA: 49,90€ 

   ⤵️ Link de compra
   🌐 https://t.co/R04baLCVQy

Visto en https://t.co/HW2VwUc9d2 https://t.co/Lz65l7BXqC",1.3113206488081162e+18
15,2020-09-30 15:01:02,CoolDealCA,"10000, Ultra-Compact High-Speed Portable Charger only $10.99!!

#freebies #deals #deal #moneysaver #greatdeal #steals #discount #sale #bargain #bargainhunter #bargainshopper #cheap #bestprice #Amazon  #Deals #giveaway #Deal #ganga

 https://t.co/QC2G8rAWKJ https://t.co/4W4gW4N7j8",1.3113201543793582e+18
16,2020-09-30 15:03:01,neutralyzeskin,"FYI: #Neutralyze Renewal Complex 💦 Curious about this amazing moisturizer? Here's a couple good things to know 😉
#Skincare #Acne #AcneTreatment #SevereAcne #Amazon #AmazonFinds #AmazonInfluencer #AcneScars #MySkinJourney #skinstory #blemish #blemishes #pimples #blackheads https://t.co/V5U2N8NRQH",1.3113206538957906e+18
17,2020-09-30 15:01:00,robertstanek,"We're celebrating Robert Stanek books too. Join us... Get reading.

40 years of writing!
35 years of books
25 years of publishing

#bannedbooksweek #darngoodreads #freedomtoread #amwriting #amblogging
#amazon #goodreads #bnscifi #libraryresources #business https://t.co/1TtaSRzNNK",1.3113201448791327e+18
18,2020-09-30 15:03:02,FChollos,"‍ Super Precio
LayS Patatas Fritas - Paquete de 12 x 300 gr - Total: 3600 gr (11011011)
#Amazon | #Alimentación

Oferta: 10,40€
PVP: 25,92€
Ahorras: -15,52€ (60%)

Al_Tramitar_Pedido

Comprar: https://t.co/I1dJAva1Zs

Chat de dud… https://t.co/XrsBDBcgwi https://t.co/A0knhE6xqQ",1.3113206556740813e+18
19,2020-09-30 15:03:06,AuthorOSanchez,"You can't call yourself peaceful unless you are capable of great violence. Are you?
Yes.
Good. If you aren't, you're not peaceful, you're harmless. There's a difference.
https://t.co/31en66iLmb
#supernatural #suspense #amazon #ebook https://t.co/GUhfsyTJE6",1.311320672036098e+18
20,2020-09-30 15:00:28,poncho2860,"#MyWANA #urban #rave #writers #bookclubs #readers

I'm a tough guy Gonna commit tough time
 Droppin fire books Filled with tough rhyme 
Hit platinum with rough hooks Stream 'em to #Amazon to buy my tough books
It's all about longevity 
I'm only seventy. https://t.co/FeqQWGCKOH",1.311320013157077e+18
21,2020-09-30 15:03:06,amzn_deals_us,"https://t.co/M9QZOfU4E0 Handheld Game Console, Kiztoys Retro Game Console with 400 Classic Handheld Games, Supporting 2 Players &amp; TV Connection, 800 mAh Rechargeable Battery #Amazon #Deal #HandheldGam https://t.co/AxSvVQY3uY",1.3113206760459346e+18
22,2020-09-30 15:03:38,hispachollos,"🌀 Cecotec Aspirador Trineo Conga Turbociclonic. Aspirador sin bolsa, capacidad 3 l,10 fases de filtración, 5 ciclones,doble filtro HEPA, 4 accesorios. #Amazon 🇪🇸

💶 Precio oferta: 40,89€ 💥

💳 Enlace: https://t.co/j6y0OthT13

✨ 30 día ...
https://t.co/U73mZONpBK
#chollo",1.31132080978543e+18
23,2020-11-10 19:27:48,amazon,"Shanika, a leader with the Amazon Future Engineer program, fights for equal access to STEM education. She's committed to providing quality, hands-on learning for all students, no matter their zip code or skin color.",1.3262451923539968e+18
24,2020-09-30 15:02:52,1781781783,"Amazonほしい物リスト https://t.co/P9OEF4sNSt #Amazon
待ってるよーwww",1.3113206147250627e+18
25,2020-09-30 15:00:37,yuki_nagase,"【ドキュメンタリーDVD】ベスト10
【メーカー特典あり】いつのまにか、ここにいる　Documentary of 乃木坂46 DVDスペシャル・エディション(2枚組)【初回仕様限定】(メーカー特典:映画フィルム風しおり付)
https://t.co/3B0XelQwFR #Amazon",1.3113200500668867e+18
26,2020-09-30 15:00:38,GenzelFamily,Wanna #Win a $100 #Amazon Card? Click here. https://t.co/xZsjN7H47z #contest #freebie #Giveaway #GenzelFamily https://t.co/AhAoAl26O3,1.3113200544247972e+18
27,2020-09-30 15:00:27,shinchaku,【発売日：2020/09/17】日経エンタテインメント! 乃木坂46 Special 2020【クリアファイル付き】 (日経BPムック)  https://t.co/K9puWQg4Mq #amazon,1.31132000654259e+18
28,2020-09-30 15:00:29,shinchaku,【発売日：2020/09/25】追放者食堂へようこそ！ 2　～最強パーティーを追放された料理人は、冒険者食堂を開きます！～ (ガルドコミックス)  https://t.co/8gfaDQzBCv #amazon,1.3113200135553925e+18
29,2020-09-30 15:00:28,prathod2008,"ANNOUNCEMENT... 5 directors... 5 stories... #GauthamMenon, #SudhaKongara, #RajivMenon, #SuhasiniManiRatnam and #KarthikSubbaraj... #Amazon to launch an anthology of five #Tamil short films... Titled #PuthamPudhuKaalai... Premieres 16 Oct 2020. https://t.co/6iphmgPR4r",1.3113200102544753e+18
30,2020-09-30 15:02:02,Marie_N_Vianco,"¿Sabes lo que es sufrir por #amor? 
#ArrobaAlCorazón 
#instabooks 
#YoungAdult 
#KindleUnlimited 
#MarieNVianco
 #novelas 
#Lee en https://t.co/gACut043j2 … 
#Amazon https://t.co/Ch79TTGVcT https://t.co/e7HxFIOtps",1.3113204074845676e+18
31,2020-09-30 15:00:32,yuki_nagase,"【ドキュメンタリーDVD】ベスト10
【メーカー特典あり】いつのまにか、ここにいる Documentary of 乃木坂46 DVDコンプリートBOX(4枚組)【完全限定生産】(メーカー特典:映画フィルム風しおり付)
https://t.co/tmqcfgREuU #Amazon",1.311320027996463e+18
32,2020-09-30 15:00:29,shinchaku,【発売日：2020/09/30】せっかくチートを貰って異世界に転移したんだから、好きなように生きてみたい THE COMIC 4 (ライドコミックス)  https://t.co/h1SC7kdJ70 #amazon,1.3113200153801318e+18
33,2020-09-30 15:04:26,atrnewsodisha,"ନୂତନ ବାୟୋମେଟ୍ରିକ ପେମେଣ୍ଟ ସିଷ୍ଟମ ଲଞ୍ଚ କଲା ଆମାଜନ

#AtrNews #Technology #Gadget #Amazon #BiometricPaymentsSystem #PalmBiometric

https://t.co/mKyijDQKP3",1.311321009765507e+18
34,2020-09-30 15:01:35,fling_a,💕RELEASE TOUR 💕 SUNSETS &amp; SOMEDAYS by S.L. Sterling💕 #ThePerfectPlaceToFallInLove #SecondChanceRomance #KindleUnlimited #SecondChance #ThePerfectPlaceToFallInLove #ForeverWritePR #AvailableNow #BookBlitz #Amazon #eBook #Kindle https://t.co/fMDttxjQ8Y,1.3113202918938092e+18
35,2020-09-30 15:00:31,shinchaku,【発売日：2020/09/04】ある日、お姫様になってしまった件について　４ (ＦＬＯＳ　ＣＯＭＩＣ)  https://t.co/LAyym2i7jJ #amazon,1.3113200231815168e+18
36,2020-09-30 15:04:28,TrinathMuduli7,"#OnePlus8T5GAmazonQuiz 
@OnePlus_IN 
@oneplus fav
Hope to win...
#AmazonQuiz
@amazonIN 
@amazon 
#Amazon

I'm @TrinathMuduli7 
With @carryjohn18 
@KrishnaKantBeh4 
@Logan90332298 
@seal_mukesh https://t.co/y1zhcfi2oC",1.3113210199157473e+18
37,2020-09-30 15:00:31,shinchaku,【発売日：2020/09/07】異世界転移したのでチートを生かして魔法剣士やることにする 1巻 (デジタル版ガンガンコミックスＵＰ！)  https://t.co/dcnPM8H4qc #amazon,1.3113200256771482e+18
38,2020-09-30 15:00:42,yuki_nagase,"【ドキュメンタリーDVD】ベスト10
FOOL COOL ROCK! ONE OK ROCK DOCUMENTARY FILM (DVD)
https://t.co/JxdxCLWPcb #Amazon",1.3113200720282665e+18
39,2020-09-30 15:02:12,amzn_deals_us,"https://t.co/fabwt9Tkta USB Wall Charger, POWERADD 24W Dual Port Energy Charger with Foldable Plug Compatible with iPhone 11/XS/XR/X/SE/8/7/6/iPad, Samsung S4/S5 and More #Amazon #Deal #USBWallCharger #Sam https://t.co/DlBEr0b7WA",1.311320445984088e+18
40,2020-09-30 15:03:42,W_Angels_Wings,"#Author Ellie Collins

Check her out on #Instagram!
https://t.co/nXEcChf0ex

Visit her Website!
https://t.co/W8sOOBzv51

Find her on #Amazon!
https://t.co/NRVH3KoPPN

#middlegrade #mglit #kidlit #Greek #mythology #tween #kidsbook #nook #kindle #goodreads #IAN1 @FreshInkGroup https://t.co/vADgqk2vRI",1.3113208231818813e+18
41,2020-09-30 15:03:15,beinoffice,"#Amazon #1円で販売 #拡散希望

Amazonの「遊戯王カードコレクターのbeinoffice」にて、ほぼ全て１円で販売中よってに
ぜひ一度ご購入を検討してよってに( ^)o(^ )
https://t.co/0dPp43wwmX",1.3113207099065508e+18
42,2020-09-30 15:01:18,elsuperchollo,"🏆Descuento de campeonato🏆 #Amazon 

ICRA Trainer SD, Zapatillas Unisex Adulto 

Descuentazo de locos 40% 

💵 Precio desde 29,95 EUR (Amazon Prime)

🔰 Enlace: https://t.co/mbZ8M5vLQN 

🌐 https://t.co/qFRnQKv7e4 https://t.co/fc835Gkh3j",1.3113202194413404e+18
43,2020-09-30 15:03:12,MaxiChollo,"‍BAJADA DE PRECIO ❗️🔸 #Amazon | #Hogar
📣Taurus Microondas Fastwave 20, 20L, 700W

✨6 potencias, Sin Grill, Función descongelar, Auto-clean

 ✅PRECIO OFERTA: 49,90€ 

   ⤵️ Link de compra
   🌐 https://t.co/Uws2eXUWKW

Visto en https://t.co/HGTfnxg2wd https://t.co/52o6u2rL55",1.3113207005238682e+18
44,2020-09-30 15:01:49,mehul_dugar,I played this interesting Quiz on Amazon https://t.co/inkZjcNe9v #Amazon,1.3113203510459064e+18
45,2020-09-30 15:03:19,CholloLinkES,"‍BAJADA DE PRECIO ❗️🔸 #Amazon | #Hogar
📣Taurus Microondas Fastwave 20, 20L, 700W

✨6 potencias, Sin Grill, Función descongelar, Auto-clean

 ✅PRECIO OFERTA: 49,90€ 

   ⤵️ Link de compra
   🌐 https://t.co/sldtsIRC5G

Visto en https://t.co/JpQzg3pNYP https://t.co/9I1ok1ebCZ",1.3113207273674138e+18
46,2020-09-30 15:01:00,robertstanek,"#bannedbooksweek When malicious targeting of my books stopped suddenly, I thought someone must have finally caught the Amazon insiders responsible + someone had, the Justice Department.. 

https://t.co/HMWRuDfqpO

#darngoodreads #freedomtoread #amazon #goodreads #libraryresources https://t.co/OQFyKuhq3D",1.3113201454285332e+18
47,2020-09-30 15:02:56,loopysoul,"Last Chance! Would you like to win a $50 Amazon Gift Card or PayPal Deposit? Check out this easy entry Gleam giveaway for a chance to #WIN

Open Worldwide

@GooseGiveaways #wingiftcard #wincash #amazon #paypal #winmoney #sweepstakes #giveaways https://t.co/gXOsTYzvbH",1.3113206314436854e+18
48,2020-09-30 15:03:04,DeanndraHall,"Her enemies are being careful, but she knows that will only last so long and they’ll grow tired of the game. The Endorian’s first inclination is to run, but something horrible has happened... https://t.co/x0UWzwvXLe #scifi #romance #books #amazon https://t.co/troew0E9Gz",1.3113206663528776e+18
49,2020-09-30 15:00:29,TheInStockRoom,"***New Deal***
Lee Apparel at Amazon
New price up to 37% off
https://t.co/sMa48ThQ0P
#Deals #newDeals #savings #Amazon https://t.co/ugDL0eACm7",1.3113200144866345e+18
,date,screen_name,tweet,tweet_id
0,2020-09-30 14:56:43,CoolDealCA,"💲💰
UBTECH Marvel Avengers: Endgam...
Reduced from $199.99 to $123.00

# #Deals #new #Deals #Amazon  #Deal #ganga

 https://t.co/rs7YpL9SGS https://t.co/QgYmhlfIef",1.3113190669137674e+18
1,2020-09-30 14:59:53,pcitback,"Last Chance! Would you like to win a $50 Amazon Gift Card or PayPal Deposit? Check out this easy entry Gleam giveaway for a chance to #WIN

Open Worldwide

@GooseGiveaways #wingiftcard #wincash #amazon #paypal #winmoney #sweepstakes #giveaways https://t.co/hp7F5Jyv6V",1.3113198661258322e+18
2,2020-09-30 14:57:04,RoMemoria,"POESÍA REUNIDA (1970 - 2015), De Juan Sevillano, @RoMemoria Magnífica #Reseña de la gran #Escritora @Pino_Naranjo Disponible en #Amazon: #PAPEL : https://t.co/3en3y4gDAu  ; #Kindle : https://t.co/p36R1Wito3 https://t.co/9CU7mUy3h3",1.3113191568310764e+18
3,2020-09-30 15:00:21,shinchaku,【発売日：2020/09/24】安田章大写真集「LIFE IS」  https://t.co/2YUKNCV8JU #amazon,1.3113199834278134e+18
4,2020-09-30 14:57:16,bmurphypointman,"#amazon #amazonprime #prime #amazonspecials #specials  Check my website for my top affiliate programs, referral links, cashback sites, crypto sites, shopping sites, travel sites, and business needs https://t.co/dOyEKjm6nN",1.3113192080856433e+18
5,2020-09-30 14:56:33,JayDeMoir,#NewNovelAlert My 7th novel #TheUntouchableRose (book 4 of #TheWives Series) is now available on #amazon &amp; #kindleunlimited! Just search my name #JayDeMoir 😍😏😊 So proud of this labor of love! It’s bittersweet because this is the last novel in #TheWives series!Grab a copy today https://t.co/yMc4RI8DXv,1.311319026413564e+18
6,2020-09-30 14:56:48,rakten_kaden_,"09/30 23:56

洗濯機 一人暮らし 全自動洗濯機 6kg IAW-
【楽天】22800円
【Amazon】25980円

★楽天で購入すると★
 3180円 お得（お得率14％）

↓お得な情報を一覧で確認出来るサイト
https://t.co/kMQYxgL6Rh

#楽天市場 #Amazon #お得 #せどり https://t.co/WMa408SH8P",1.3113190898816082e+18
7,2020-09-30 14:58:22,benrideotoku22,サザコーヒー レギュラーコーヒー 【続きは記事で！】 https://t.co/ueyLDNJ5dF #amazon,1.3113194812018278e+18
8,2020-09-30 14:57:32,JayDeMoir,My 7th novel #TheUntouchableRose (book 4 of #TheWives Series) is available on #amazon &amp; #kindleunlimited! Just search my name #JayDeMoir 😍😏😊 So proud of this labor of love! It’s bittersweet because this is the last novel in #TheWives series!Grab a copy today https://t.co/0XvQTsFuMi,1.3113192727198188e+18
9,2020-09-30 15:00:03,YabRock,長吉秀夫 の 「がん治療の選択肢を増やそう! 医療大麻入門 」(veggy Books) を #AmazonJP でチェック！ https://t.co/zx2o7jpDVA #アマゾン #Amazon #麻 #大麻 #医療大麻 #マリファナ #カンナビス #ヘンプ #大麻解禁 #大麻合法化,1.3113199060385915e+18
10,2020-09-30 15:00:27,yuki_nagase,"【ドキュメンタリーDVD】ベスト10
ALL YOU NEED is PUNK and LOVE (特典付きデラックス版) [DVD]
https://t.co/T1JmAVDxi2 #Amazon",1.3113200061063455e+18
11,2020-09-30 15:00:24,shinchaku,【発売日：2020/09/16】世界のお金持ちが実践するお金の増やし方  https://t.co/D2KyBwB5So #amazon,1.3113199928357478e+18
12,2020-09-30 15:00:05,XperienceDope,"Blasting G-Eazy, Ty Dolla Sign - All Facts (Club) right now on Pretty Dope Xperience Radio aka #BlackPandora

listen now and catch a wave!! https://t.co/VqKFopeoex  #nowplaying #np #RT  #NowStreaming #Streema Download Now #Alexa #GooglePlay #iOSAppStore #Amazon #",1.3113199139156132e+18
13,2020-09-30 14:56:34,MaxiChollo,"‍CHOLLAZO ❗️🔸 #Amazon | #Zapatos
📣Rieker Frühjahr/Sommer L2814, Zapatillas sin Cordones para Mujer

 ✅PRECIO OFERTA: 21,46€ 

📏 Talla 37 EU

   ⤵️ Link de compra
   🌐 https://t.co/XJ0mUfqGS1

Visto en https://t.co/HGTfnxg2wd https://t.co/EEYbDnpfZM",1.311319031518036e+18
14,2020-09-30 14:57:56,easybirthingMPB,"#AMAZON ANNOUNCES “INNOVATIVE” AUTOMATED INDOOR #SURVEILLANCE #DRONE
https://t.co/HvITxSFSC9",1.3113193726112195e+18
15,2020-09-30 14:57:16,robertolvargas,#elcorteingles | Así es la nueva tarifa plana de envíos con la que El Corte Inglés planta cara a #Amazon https://t.co/YGHXJc4JMY vía @larazon_es @AMaisanaba,1.3113192074522542e+18
16,2020-09-30 15:00:00,AH0RRAC0M0NUNCA,"🐖 ¡Todavía más #BARATO!

¡#DragonBallZKakarot a SÓLO 36,54 💶!

🕹️ #PS4
🔹 #Accion-#RPG
🌐 #NamcoBandai
📦 Envío #gratis en #Amazon

AQUÍ LO TIENES ➡️ https://t.co/TgTbDxJ3uO

#DBZ #DragonBall #DragonBallZ #Goku #gaming https://t.co/rMWR76Gyjk",1.3113198932420076e+18
17,2020-09-30 15:00:25,shinchaku,【発売日：2020/09/25】千剣の魔術師と呼ばれた剣士 3巻 (デジタル版ビッグガンガンコミックス)  https://t.co/eruq3aGpzF #amazon,1.311319998187606e+18
18,2020-09-30 14:56:59,HausOfDemoir,My 7th novel #TheUntouchableRose (book 4 of #TheWives Series) is available on #amazon &amp; #kindleunlimited! Just search my name #JayDeMoir 😍😏😊 So proud of this labor of love! It’s bittersweet because this is the last novel in #TheWives series!Grab a copy today https://t.co/9be31TFXKI,1.31131913675733e+18
19,2020-09-30 14:56:42,CholloLinkES,"‍CHOLLAZO ❗️🔸 #Amazon | #Zapatos
📣Rieker Frühjahr/Sommer L2814, Zapatillas sin Cordones para Mujer

 ✅PRECIO OFERTA: 21,46€ 

📏 Talla 37 EU

   ⤵️ Link de compra
   🌐 https://t.co/lb2wx1aGIa

Visto en https://t.co/JpQzg3pNYP https://t.co/6rbBE6HJqe",1.3113190625558979e+18
20,2020-09-30 15:00:22,yuki_nagase,"【ドキュメンタリーDVD】ベスト10
【メーカー特典あり】NHKスペシャル ホットスポット 最後の楽園 season3(DVD-BOX)※特典:A4クリアファイル付き
https://t.co/CCPVie06bI #Amazon",1.3113199842079293e+18
21,2020-09-30 15:00:17,Libreria_Mundo,"ENTRA GRATIS A LA PRIMERA CLASE AQUI=== https://t.co/NuZ0nXii09 AL ENTRAR, PINCHAR DONDE DICE: ""VISTA PREVIA DE ESTE CURSO"". ALLÍ PODRÁS VER LA PROMO Y DISFRUTAR DE LA PRIMERA CLASE GRATIS . ENTRA AQUÍ ==)) https://t.co/3MsUTsgUJK #Libros #amazon #ebook #novela #escritor #kdp https://t.co/YxjAXCxwlO",1.3113199640754053e+18
22,2020-09-03 18:26:48,LenovoLegion,"Lenovo Legion x @PlayApex
Now is your chance to rise above the rest. 
Unmatched performance, purposeful engineering, modern design.
Gear up with a machine as savage as you are.
Stylish outside.
Savage inside.",1.301587465258578e+18
23,2020-09-30 15:00:20,shinchaku,【発売日：2020/09/16】突然ですが占ってもいいですか? PRESENTS とにかく運がよくなりたい! (扶桑社ムック)  https://t.co/qJA5GbQKn7 #amazon,1.3113199774636032e+18
24,2020-09-30 15:00:00,filmloverss,"#Borat’ın çekimleri tamamlanan devam filminin haklarını #Amazon satın aldı. Devam filmi, kasım ayındaki ABD başkanlık seçimlerinden önce izleyici ile buluşacak. https://t.co/7omSAYbbAa https://t.co/wNhBdX1rDo",1.3113198954773463e+18
25,2020-09-30 14:59:36,kakicchysmusic6,https://t.co/MaMFRamliO: I Lost My Way: kakicchysmusic: MP3 Downloads https://t.co/tLoVRQDxRs #Amazon #Prime,1.3113197912195645e+18
26,2020-09-30 14:56:26,ChollosDescubre,"‍CHOLLAZO ❗️🔸 #Amazon | #Zapatos
📣Rieker Frühjahr/Sommer L2814, Zapatillas sin Cordones para Mujer

 ✅PRECIO OFERTA: 21,46€ 

📏 Talla 37 EU

   ⤵️ Link de compra
   🌐 https://t.co/rTQNcSO0I0

Visto en https://t.co/HW2VwUc9d2 https://t.co/dPejluzIXY",1.3113189980978422e+18
27,2020-09-30 15:00:02,AlphaRepricer,"Puts you on the fast track to the Buy Box.

https://t.co/DWHYDAMwZ8

#Amazon #AmazonRepricer #AlphaRepricer #Sellers #OnlineSellers #FBA #AmazonBusiness #amazonmarketplace #fbasellers #USA #Iowa #California #NewJersey #Vermont #NewYork #Utah #Washington #Alaska #Georgia #Texas https://t.co/GEEQ8BPyzp",1.3113199001960858e+18
28,2020-09-30 14:56:28,ColmenasOrg,"#Amazon está espiando la actividad de algunos de sus trabajadores, ha encabezado un ataque contra los #DerechosLaborales, usando su poder de monopolio de datos para aplastar los esfuerzos de organización destinados a mejorar sus condiciones de trabajo

https://t.co/AidbSJnRpy",1.3113190064569385e+18
29,2020-09-30 15:00:00,BaratoDeVerdad,"🐖 ¡Todavía más #BARATO!

¡#DragonBallZKakarot a SÓLO 36,54 💶!

🕹️ #PS4
🔹 #Accion-#RPG
🌐 #NamcoBandai
📦 Envío #gratis en #Amazon

AQUÍ LO TIENES ➡️ https://t.co/LOvShGxVkK

#DBZ #DragonBall #DragonBallZ #Goku #gaming https://t.co/RCbFiUizxb",1.3113198933048033e+18
30,2020-09-30 15:00:01,yuki_nagase,"【ドキュメンタリーDVD】ベスト10
ぼけますから、よろしくお願いします。 [DVD]
https://t.co/CQyiCV0dc0 #Amazon",1.3113198960436142e+18
31,2020-09-30 14:57:20,bmurphypointman,"#amazon #amazonprime #prime #amazonspecials #specials Check my website for my top affiliate programs, referral links, cashback sites, crypto sites, shopping sites, travel sites, and business needs https://t.co/dOyEKjm6nN https://t.co/RXfFwiTXfs",1.3113192223420375e+18
32,2020-09-30 14:58:32,unilagocc,"Amazon presentó este martes un nuevo sistema de pago biométrico que utiliza el reconocimiento de la palma de la mano ✋🏻 y que podrá utilizarse como reemplazo de credenciales de entrada en estadios o lugares de trabajo 🚶🏻‍♂️🚶🏻‍♀️ https://t.co/afBeFPC5bR
#Unilago #Tecnología #Amazon https://t.co/CIdJAnBA84",1.3113195243234918e+18
33,2020-09-30 15:00:06,seka_t_ceo,"❣️🎁プレゼント企画🎁❣️

お好きなギフカ❣️🤣

1500円✖️2名

pay pay可能

🎁参加方法🎁

２人の通知オン❣️🤣

@573231 

@seka_t_ceo 

フォロー&amp;RT

2名選びます❣️

〆10月6日24時00分
#楽天
#iTunes
#amazon 
#プレゼント企画
#懸賞垢
#懸賞仲間 https://t.co/EQ1HcWCRWv",1.311319917577171e+18
34,2020-09-30 14:57:41,joleeqh,"Do I need this? Like sprinkle my Coke or Oldenlandia drink with salt at the kopitiam or coarse black pepper into my Yong Tau Foo soup at the food court.
#LightMyFire Salt &amp; Pepper Plus 3-in-1 BIO Spice Shaker https://t.co/ouaipVKxAd #Amazon",1.3113193101119693e+18
35,2020-09-30 14:59:28,pipipiyoko22,"ポップンディスペンサー(フードディスペンサー) ブラック・112541 https://t.co/VDvtY75q2v #Amazon

オートミール入れるのにめちゃくちゃ欲しいと思ったが置く場所がなかった",1.3113197576944845e+18
36,2020-09-30 14:58:02,ADTopStory,"#AMAZON ANNOUNCES “INNOVATIVE” AUTOMATED INDOOR #SURVEILLANCE #DRONE
https://t.co/Kss4Ywhdzi",1.311319400973181e+18
37,2020-09-30 14:58:36,qualladoom,"I have one take from the #coinbase discussion:  
We need to respect that their CEO was brave enough to announce it in public, instead of silently making it internal policy like #amazon does.
This is independend of how hard my criticism of the message he sent may be.",1.311319539477631e+18
38,2020-09-30 15:00:11,yuki_nagase,"【ドキュメンタリーDVD】ベスト10
BiSH Documentary Movie ""SHAPE OF LOVE""(DVD)
https://t.co/OOsWEBNMf7 #Amazon",1.311319940373209e+18
39,2020-09-30 14:58:31,RetailNewsNow,"I love this, another marketing tool in the #IndependentRetailers toolbox. Use #Amazon to fight #Amazon. https://t.co/21WRuLNOSE",1.3113195194496369e+18
40,2020-09-30 14:57:32,CPtrakash,"https://t.co/xqPI2uuhjW

Amazon ने लॉन्च किया बायोमेट्रिक पेमेंट सिस्टम, हाथ दिखाकर कर सकेंगे पेमेंट !

#amzn #Amazon #amzoneone
#technology #cpsaini #technews #technicalguruji",1.3113192722709094e+18
41,2020-09-30 14:56:12,XperienceDope,"Blasting Rufus Feat Chaka Khan - Do You Love What You Feel right now on Pretty Dope Xperience Radio aka #BlackPandora

listen now and catch a wave!! https://t.co/VqKFopeoex  #nowplaying #np #RT  #NowStreaming #Streema Download Now #Alexa #GooglePlay #iOSAppStore #Amazon #",1.3113189367645184e+18
42,2020-09-30 14:56:37,TheInStockRoom,"***New Deal***
UBTECH Marvel Avengers: Endgam...
Reduced from $199.99 to $123.00
https://t.co/2ebQzPIIKc
#Deals #newDeals #Amazon https://t.co/2BIQPJ7ME9",1.3113190420037345e+18
43,2020-09-30 15:00:23,shinchaku,【発売日：2020/09/30】FREECELL vol.34 なにわ男子『メンズ校』撮りおろし表紙巻頭12ページ/小林由依(欅坂46)、映画『さくら』で演じたカオル役について語る最新インタビュー (KADOKAWA MOOK)  https://t.co/1EuAB7U1ax #amazon,1.3113199903065825e+18
44,2020-09-30 14:59:03,Nambox,It Worked for Me: In Life and Leadership https://t.co/BZM83c8Kux #Amazon これは。。,1.3113196540071444e+18
45,2020-09-30 15:00:16,yuki_nagase,"【ドキュメンタリーDVD】ベスト10
ジョン・レノン、ニューヨーク [Blu-ray]
https://t.co/2WVPt9SeXj #Amazon",1.3113199623219692e+18
46,2020-09-30 14:58:18,AmaArrival,"【スイッチ入荷】 Switch Lite ターコイズ 保護フィルム セット

店舗：Amazon .co.jp 
販売価格 23,606円 
https://t.co/Q5M062FuwH 

在庫確認できた方はいいね♡ 
買えたらコメント待ってます！ 
確認日時：2020/09/30-23:58.17
#Amazon #NintendoSwitch #スイッチライト #在庫 #入荷 #販売 https://t.co/BRWyUoklF9",1.3113194669076357e+18
47,2020-09-30 14:59:00,Trisha_McNary,"#Read HYPNOSNATCH and more #SFF #ebooks on sale: 
#book #bookpromo #sciencefiction#ebook #readers #amazonUK #amazon  #ebookdeals #KDP #kindle #novel #iartg #kindlebooks #SupportIA #goodreads #supernatural #vampires #mystery #ADP #paranormal #SciFi

CLICK🡺https://t.co/onDQRJGIZ7 https://t.co/Kqv1O4DR5U",1.3113196413067428e+18
48,2020-09-30 15:00:06,yuki_nagase,"【ドキュメンタリーDVD】ベスト10
NHKスペシャル ホットスポット 最後の楽園 season3(DVD-BOX)
https://t.co/p31hpvoZBO #Amazon",1.311319918395052e+18
49,2020-09-30 14:56:26,miriammramz,"Totalmente #policíaca al estilo #agathaChristie LA MANSIÓN DE LOS NAVAS sigue cosechando éxitos. Una de las novelas más leídas en #Amazón habiendo superado las ciento veinte mil páginas leídas en #KindleUnlimited!
@razielyeldesper
https://t.co/Bk9ry1dvfr https://t.co/3UH5sXkmwc",1.3113189968183583e+18
,date,screen_name,tweet,tweet_id
0,2020-09-30 14:47:07,chollosyoferta,"#Chollo #Amazon 87% DESCUENTO Imetec 7811 Grille Electrique Professionnel 2000 W

Precio oferta: 118,64
Reacondicionado: 14,52

    👇👇👇👇👇👇👇
👉 https://t.co/I73szPEO3E https://t.co/3GCe9UpI9s",1.3113166505291162e+18
1,2020-09-30 14:53:28,ckwlpn,"#Kitchen #Lemons #Fruit #homedecor #Handmade #amazon Hanging Dish Towels, for $9.25 via @amazon  https://t.co/nANZ5ojHsf",1.3113182477033021e+18
2,2020-09-30 14:48:38,blogosum,"#Books to cut the #road: Shantaram: A Novel by Gregory David Roberts

 https://t.co/CX4IWZiWZE

 #amazon #amazondeals #deals #travel #goodbook #reading #story #book #readbooks #favoritebooks #motivation #inspiration https://t.co/pfDxk9l03y",1.3113170313089884e+18
3,2020-09-30 14:55:31,PaulBrentTech,"Detailed investigative report from @Reveal about #Amazon warehouses and the impact of #Robotics on rising staff #injuries.

It seems Amazon may not be telling the whole story.

https://t.co/cosIpY4tLK",1.3113187635649167e+18
4,2020-09-30 14:51:31,XperienceDope,"Blasting Janet Jackson - Escapade right now on Pretty Dope Xperience Radio aka #BlackPandora

listen now and catch a wave!! https://t.co/VqKFopeoex  #nowplaying #np #RT  #NowStreaming #Streema Download Now #Alexa #GooglePlay #iOSAppStore #Amazon #",1.3113177572045906e+18
5,2020-09-30 14:49:45,richhotrob,Wow! It’s a #YOUNGADULT #GIFTCARD #GIVEAWAY #AMAZON #KINDLE https://t.co/985PGNJXNq,1.3113173163580252e+18
6,2020-09-30 14:49:13,marxindo,"約13000円。
75 Years of Capitol Records https://t.co/b85mZaaRxf #Amazon",1.3113171814648914e+18
7,2020-09-30 14:46:40,Hareers1,@ebay @amazon #ebay #amazon 3 Pairs Mens Woven Boxer Shorts Elasticated Waist Light Weigh Underwear S to 3XL https://t.co/lijWLUSLU5 via @eBay_UK,1.3113165402734223e+18
8,2020-09-30 14:47:33,Charlie_Cawood,"Lady Gaga - Stupid Love #bigtimeradio https://t.co/N76xPoatRr @Charlie_Cawood @BigTimeRadio1 @bigtime_news
 on #Amazon Echo &amp; App https://t.co/c7cZfm4MQo  #Top40 #Music 247 #Worldwide 3 #Radio #Stations 43 #Countries #Interviews #Billboard https://t.co/JiPHr6jZyC  #SUBMI",1.3113167593460204e+18
9,2020-09-30 14:56:03,chollosyoferta,"#Chollo #Amazon 99% DESCUENTO kwmobile Funda Compatible con Huawei P10   Carcasa de TPU para móvil   Cover Trasero en Rosa Oro Mate

Precio oferta: 9,99
Reacondicionado: 0,08

    👇👇👇👇👇👇👇
👉 https://t.co/xgAghCywSz https://t.co/8cVkYwUa5X",1.3113189005172777e+18
10,2020-09-30 14:53:11,chollosyoferta,"#Chollo #Amazon Xiaomi Mi A2   Smartphone 64GB, 4GB RAM, Dual SIM, Black

Reacondicionado: 84,57

    👇👇👇👇👇👇👇
👉 https://t.co/NH3lZCCunT https://t.co/dueVM8z2Bf",1.311318180300755e+18
11,2020-09-30 14:46:26,aidensteve660,"A smile is the best makeup any girl can wear....! I hope you will put on Yours? 
#wednesdaymorning #Lamborghini  #Getpaid #PresidentialDebate #Debate2020 #mom #sexy #amazon #business #win https://t.co/yPsxVL9hKQ",1.3113164777489408e+18
12,2020-09-30 14:47:07,johnmargherita7,"リモート&amp;撮影用にリングライト🔆をAmazonでポチり。どんなものなのか。使えるといいな～😁

#リングライト #Amazon #動画撮影
#リモート #夜中の衝動買い
#マジエーション #マジシャン
#ジョン・マルゲリータ",1.3113166514391327e+18
13,2020-09-30 14:48:22,treeschannels,"#Amazon safe

https://t.co/B7I4q8wvtz
@arnaud_thurudev",1.3113169646908498e+18
14,2020-09-30 14:48:36,CoolDealCA,"💲💰
Jiasuqi Men's Memory Foam Slip...
Reduced from $26 to $17
Coupon code: 35D541XR

# #Deals #new #Deals #savings #Amazon  #Deal #ganga

 https://t.co/h2RLrz04Rz https://t.co/GwqcAqokFo",1.3113170257850982e+18
15,2020-09-30 14:47:03,murakamiwood,The whole murky world of corruption and underinvestment around #Japan's government's moving its 'common platform' to #Amazon Web Services #AWS from October 1st 2020... https://t.co/HcB05Gbk5K &amp; https://t.co/muAsRj8JZC,1.311316633760215e+18
16,2020-09-30 14:54:56,TheExtraOrdFilm,"If you need to get your kind off things - remember, it’s okay to turn off the news -check out our #movie on #Amazon Prime, #Google Play or #YouTube.

Tap the link 👇 

https://t.co/PHZO9Gbw4a",1.3113186180643963e+18
17,2020-09-30 14:55:13,Hareers1,@ebay #ebay @amazon #amazon Easy Care Bolster Long Polycotton Pillow Case Only  17 Colours Available https://t.co/YTbmlO0yhA via @eBay_UK,1.311318690651136e+18
18,2020-09-30 14:54:31,hispachollos,"🌀 flintronic Sling Bag, Bolsa de Pecho con Puerto de Carga USB y Puerto para Auriculares, Hombres Mujeres Senderismo Ligero Mochila de Viaje (Incluye 1 Cable USB   1 Gancho de Escalada). #Amazon 🇪🇸

🕘 PRECIO FLASH: 11,04€

💶 Precio o ...
https://t.co/H46Fplhe5j
#chollo",1.3113185124351672e+18
19,2020-09-30 14:46:44,XperienceDope,"Blasting Above The Law - V.S.O.P. (Dirty) right now on Pretty Dope Xperience Radio aka #BlackPandora

listen now and catch a wave!! https://t.co/VqKFopeoex  #nowplaying #np #RT  #NowStreaming #Streema Download Now #Alexa #GooglePlay #iOSAppStore #Amazon #",1.3113165546598932e+18
20,2020-09-30 14:50:54,chollosyoferta,"#Chollo #Amazon MiniSun – Moderner Lampenschirm in Form eines Flugzeugs mit weißem Finish für Kinder  und Babyzimmer – Flugzeug Lampenschirm für Hänge  und Pendelleuchten

Reacondicionado: 6,21

    👇👇👇👇👇👇👇
👉 https://t.co/rNuP4FOvjR https://t.co/tqd7LxnfKl",1.3113176020320256e+18
21,2020-09-30 14:55:52,TheInStockRoom,"***New Deal***
Prime Members: 4-Ct 13-Oz Quak...
Reduced from $9.99 to $7.50
https://t.co/YcIiiCIjHm
#Deals #newDeals #Discounts #Amazon https://t.co/u75xeUIAWp",1.311318855059411e+18
22,2020-09-30 14:54:24,SimonsMartin1,"Our first-hand experience with #Amazon’s new palm reader, and what it says about the future… https://t.co/O4CfR0FsG9",1.311318486069674e+18
23,2020-09-30 14:52:38,dazchild,@BBCTech Time to remove the humans.... #amazon,1.3113180412889907e+18
24,2020-09-30 14:48:30,TheInStockRoom,"***New Deal***
Jiasuqi Men's Memory Foam Slip...
Reduced from $26 to $17
Coupon code: 35D541XR
https://t.co/jgaMebNhq7
#Deals #newDeals #savings #Amazon https://t.co/xiJTMDC8A5",1.3113170009631908e+18
25,2020-09-30 14:47:17,MinteractApp,"#Options Flow Grid Update $AMZN #OptionsTrading #Amazon Shares ⬆️1.46% to $3,191.25 #OptionsFlow #optiontrading #amazonfresh #AmazonPrime #stocks #stock #StockMarket #investing #Investment #invest #investor https://t.co/5JE2nlrW3B https://t.co/f7zZiHO5f4 https://t.co/R8zdQJdzxp",1.311316694502011e+18
26,2020-09-30 14:51:39,RedArrowTraini1,"Just got my new snood too protect myself and others. The Steve Prescott Foundation.  ""What the mind believes, the body achieves""
#sports #rugbyleague #Amazon #sky #school #football #cancer research #linkedin https://t.co/MY44aaifce",1.311317791706882e+18
27,2020-09-30 14:56:00,PatriziaCappel8,Join me in asking @FP_Champagne not to reward the destruction of the #Amazon! 🔥🔥 Immediately halt the Canada-Mercosur free trade deal &gt;&gt; https://t.co/QGaEgdZBUZ #ActForAmazon #ClimateAction @GreenpeaceCA,1.3113188855772488e+18
28,2020-09-30 14:54:20,TshirtD42700357,"I will #create awesome #watercolor #tshirt #design please visit my profile- https://t.co/NPSOE374IA

Looking #Watercolor #Tshirts design for #Amazon #Shopify #Teespring #Viralstyle #GearLaunch #Redbubble #RedBubbleDesigns?
#tshirtdesign #fashion #streetwear #seattle https://t.co/mdQT0zcUmF",1.3113184658362696e+18
29,2020-09-30 14:49:11,Hareers1,@ebay #ebay @amazon #amazon 3 Pairs Mens Plus Size Soft Cotton Rich Boxer Shorts Elasticated Waistband https://t.co/iOamIwzzmd via @eBay_UK,1.3113171697670554e+18
30,2020-09-30 14:54:25,TheInStockRoom,"***New Deal***
Cooks' Tools at Amazon
New price up to 49% off
https://t.co/SaEs35T2DW
#Deals #newDeals #savings #Amazon https://t.co/gT2mqkmTIT",1.3113184874580828e+18
31,2020-09-30 14:48:20,elsuperchollo,"Precio de locuraaaa❗❗ #Amazon 

Vans - Classic Slip-on Platform, Zapatillas sin Cordones para Mujer 

💰 Rebajado al 25% 

💵 Precio desde 55,99 EUR (Amazon Prime)

🔰 Enlace: https://t.co/MEVCAvN7xY 

🌐 https://t.co/wkl4ZaPJ6R https://t.co/540EnnKeMu",1.311316959712211e+18
32,2020-09-30 14:50:26,tmsl_info,"ブリタ カートリッジ10%以上OFF ボトル浄水器などもお買い得 ...
https://t.co/OS7antglbg
#Amazon #タイムセール",1.311317487779111e+18
33,2020-09-30 14:51:48,rakten_kaden_,"09/30 23:51

炊飯器 5.5合 一人暮らし アイリスオーヤマ新生
【楽天】5980円
【Amazon】6680円

★楽天で購入すると★
 700円 お得（お得率12％）

↓お得な情報を一覧で確認出来るサイト
https://t.co/kMQYxgL6Rh

#楽天市場 #Amazon #お得 #せどり https://t.co/daqmlPtJ5W",1.3113178299462287e+18
34,2020-09-30 14:48:04,best_deals_US,"Grab before its gone!
Retro Bit Universal 3 in 1 AC Adapter NES/SNES/GENESIS

Offer price: $1.51 (85% OFF!)
Retail: $9.99

https://t.co/HAyIqbVpcQ

#Amazon #deals #RT https://t.co/iAQFNzQBdU",1.3113168921962865e+18
35,2020-09-30 14:46:47,rakten_kaden_,"09/30 23:46

Panasonic 消臭・抗菌加工「逃がさんパック
【楽天】965円
【Amazon】972円

★楽天で購入すると★
 7円 お得（お得率1％）

↓お得な情報を一覧で確認出来るサイト
https://t.co/kMQYxgL6Rh

#楽天市場 #Amazon #お得 #せどり https://t.co/JEOj8IlBLB",1.3113165698430935e+18
36,2020-09-30 14:55:31,chollosyoferta,"#Chollo #Amazon 71% DESCUENTO WESCO Single Grandy panera Rectangular Gris Acero   Paneras (Rectangular, Gris, Acero, Tapa con bisagra, 280 mm, 220 mm)

Precio oferta: 57,6
Reacondicionado: 16,54

    👇👇👇👇👇👇👇
👉 https://t.co/wkh9QrdPZD https://t.co/m0O087tncz",1.3113187658801193e+18
37,2020-09-30 14:56:11,saudade_802,非公開のはずなのに、「欲しいものリストに登録がありました！　」っていうメール飛んでるといるんでしょうね。これ。セラーには公開されてしまうのちょっとな。#Amazon #GAFAの闇,1.3113189325155123e+18
38,2020-09-30 14:47:33,chollosyoferta,"#Chollo #Amazon 70% DESCUENTO Hauptstadtkoffer Maleta, Gris (Plateado)   82782059

Precio oferta: 102,93
Reacondicionado: 30,59

    👇👇👇👇👇👇👇
👉 https://t.co/A7PV9WcxuL https://t.co/T5jseGtU5R",1.311316759492866e+18
39,2020-09-30 14:53:21,WMJXwEtyySdhwKP,"Jackery ポータブル電源 1000 超大容量278400mAh/1002Wh 家庭アウトドア両用バックアップ電源 PSE認証済... https://t.co/M3NIs2x12R #Amazon
アメトークに出てたやつ‼︎",1.3113182191356723e+18
40,2020-09-30 14:55:58,CoolDealCA,"💲💰
Prime Members: 4-Ct 13-Oz Quak...
Reduced from $9.99 to $7.50

# #Deals #new #Deals #Discounts #Amazon  #Deal #ganga

 https://t.co/5Vr7tWIAxT https://t.co/d94jq1o6iM",1.3113188805859983e+18
41,2020-09-30 14:47:07,pravinsindia,"Best Deals and Coupons on Multiple Brands 30 September 2020

#amazon #beardo #myntra #shopclues #themancompany https://t.co/iffL79FzNx",1.3113166523032822e+18
42,2020-09-30 14:51:02,Hareers1,@ebay #ebay @amazon #amazon 3 Pairs Mens Gents Plus Size Soft Cotton Rich Boxer Shorts Elasticated Waistband https://t.co/9GZFMJH1WT via @eBay_UK,1.3113176393823027e+18
43,2020-09-30 14:48:27,chollosyoferta,"#Chollo #Amazon 71% DESCUENTO Solis Swiss Perfection 440   Sèche Cheveux Professionel   Salon Pro   2 Vitesses et 3 Températures   Noir

Precio original: 99,94
Precio oferta: 94,52
Reacondicionado: 28,93

    👇👇👇👇👇👇👇
👉 https://t.co/49FPrTk0Wp https://t.co/McUIcrm93q",1.3113169891939779e+18
44,2020-09-30 14:49:59,lewisjfclarke,https://t.co/btYxfYCf08 #book #BookBoost #books #BookReview #BookTwitter #bookstagram #bookcovers #WritingCommunity #writing #Reading #ReadingForFun #readingcommunity #readinglist #readingnovel #novels #KindleBooks #Kindle #amazon #drama,1.3113173743063654e+18
45,2020-09-30 14:55:00,CyberSafeWarks,"Please take a look at @natonlinesafety's brilliant new guide on the #Amazon Alexa. From insecure devices to privacy concerns, the #OnlineSafety guide has all you need to ensure your kids use Alexa safely! 💬 https://t.co/3UAJIqmoMd",1.3113186348794757e+18
46,2020-09-30 14:47:35,DealDayal,"Best Deals and Coupons on Multiple Brands 30 September 2020

https://t.co/VOUqx6mL8w

#amazon #beardo #myntra #shopclues #themancompany",1.3113167707840061e+18
47,2020-09-30 14:50:40,Saurabh16200211,I played this interesting Quiz on Amazon-Play games at Amazon FunZone  https://t.co/T2mmZ6aT4P #Amazon #AmazonQuiz @TwitterRetweets @Amazonquiztime @amazon,1.3113175431145677e+18
48,2020-09-30 14:48:10,Xx_emuyon_xX,"なんかAmazonを名乗る変なんSMSが来た😲取りあえずブロックしとこう。
#amazon #詐欺メール https://t.co/xhEjI5LUMF",1.3113169144513536e+18
49,2020-09-30 14:50:30,Nambox,食えなんだら食うな https://t.co/Wty2zzdaEL #Amazon これは！,1.31131750200619e+18
,date,screen_name,tweet,tweet_id
0,2020-09-30 14:43:46,denimorse,Love Speculative Fiction? #Win a $100 #Amazon #GiftCard in this #Facebook &amp; #Twitter #Giveaway via @sffbookbonanza: https://t.co/hKbWLLBDim,1.3113158088369644e+18
1,2020-09-30 14:45:00,SandorGerendasK,"Preguntas sobre la #ContaminaciónDelSuelo 
Prueba tus conocimientos y responde antes de entrar https://t.co/dmW1g25Tyw SGK-PLANET #CambioClimatico #EmergenciaClimática #MedioAmbiente #Sostenibilidad #CalentamientoGlobal #Amazon  #Contaminación #Polución #CrisisClimática #Suelo https://t.co/rcYkAcBFxD",1.3113161182970225e+18
2,2020-09-30 14:40:04,Lapequenaasia,"12 en 1 Equipo Multifuncional Plegable para #Ejercicios en el hogar
Precio: 1️⃣7️⃣,8️⃣4️⃣€
#Amazon

👉https://t.co/XORwPqwZAH https://t.co/hZxdNAHFG3",1.3113148767034122e+18
3,2020-09-30 14:45:12,ShoppingAgent1,Prime dauerhaft kostenlos https://t.co/7eujz7AYHI #Amazon #prime,1.3113161697442447e+18
4,2020-09-30 14:42:12,Kidkrump_kk,"デュオゲリラ #荒野行動

🥇 賞金 1500×２

⏰24時30分 24:30
🗓9/30 (水曜)

確定枠 + 大会配信あり

#デュオ #ゲリラ #賞金ルーム
#デュオゲリラ #シングル #大会
#iTunes #Amazon #Google 
#9月30日 #24時半 #確定枠 #荒野 https://t.co/zfWRTdoJ6J",1.3113154132344504e+18
5,2020-09-30 14:41:40,creativemm12,"👉https://t.co/0xhyXuJMai #amazon👈
💯👉Auto Follower👈💯
💯👉#自動相互フォロー👈💯

#TFB
#Bad #Bunny #Crocs
#Tottenham #vs #Chelsea
#Roe #v. #Wade
#500ADay
#拡散希望RTお願いします
#f4f
#TFB
#固定RT
#TeamFollowBack
#bts
#seventeen",1.3113152791551386e+18
6,2020-09-30 14:40:44,FForFree1,"#Amazon #OnePlus 8T 5G Quiz Time All Answers to Win OnePlus 8T 5G Smartphones

Read more at: https://t.co/bsUuXTNzHC
#FForFree #Unlock5",1.3113150432003318e+18
7,2020-09-30 14:41:04,Caties_Closet,We love getting Amazon Wish List packages from you! It is such an easy way to get our students exactly what they need! Check it out here https://t.co/4XflJ78a4Q #amazon #helpthekids https://t.co/mWMnG62tNo,1.3113151310208369e+18
8,2020-09-30 14:41:32,movie_movienews,"【Amazon限定】劇場版 SPEC ~結~ 漸ノ篇 プレミアム・エディション（オリジナル絵柄Amazonギフト券付き） [Blu-ray]
#SPEC #Amazon
https://t.co/DEgXf2nPQf",1.3113152468296335e+18
9,2020-09-30 14:41:18,LaRatapignata,Hey @JeffBezos il fait comment le capitaine crochet pour payer avec la paume de sa main ? #amazon #paiementsanscontact cc @AmazonFrance,1.3113151891454935e+18
10,2020-09-30 14:41:10,JustinHires,"LINK IN BIO⬆️ 

@urbanlegendzpodcast 

#subscribe #justinhires #brandontjackson #urbanlegendzpodcast #urbanlegendz #podcast #spotify #apple #amazon #youtube https://t.co/DUYGNN7bIr",1.3113151562369884e+18
11,2020-09-30 14:41:47,rakten_kaden_,"09/30 23:41

レビュー記載で洗剤プレゼント♪ 洗濯機 7kg ア
【楽天】29800円
【Amazon】30800円

★楽天で購入すると★
 1000円 お得（お得率3％）

↓お得な情報を一覧で確認出来るサイト
https://t.co/kMQYxgL6Rh

#楽天市場 #Amazon #お得 #せどり https://t.co/4Bl2cAie1x",1.3113153097441198e+18
12,2020-09-30 14:42:08,takaramonopaste,"自分デザインの年賀状を探すのが至難の技。
まず老眼でよく見えない。😭
#プリントパック　#賀王　#amazon https://t.co/baoT408T9A",1.3113153989695488e+18
13,2020-09-30 14:45:04,DeniseSanger,Cutest Christmas ornament ever! Love the flip flops. Get it for your tree via amazon affiliate link here:  https://t.co/jvZUGD6vm6 #amazon #ad,1.3113161370372383e+18
14,2020-09-30 14:42:07,Roumiana_st,"Last Chance! Would you like to win a $50 Amazon Gift Card or PayPal Deposit? Check out this easy entry Gleam giveaway for a chance to #WIN

Open Worldwide

@GooseGiveaways #wingiftcard #wincash #amazon #paypal #winmoney #sweepstakes #giveaways https://t.co/N7wFf8g9kH",1.3113153947628585e+18
15,2020-09-30 14:38:32,chollosyoferta,"#Chollo #Amazon 83% DESCUENTO Julius Zöllner 5790014262 Petites Chouettes Garniture de Lit avec Application Rose Pâle

Precio oferta: 79,0
Reacondicionado: 12,77

    👇👇👇👇👇👇👇
👉 https://t.co/hJNoad1FE4 https://t.co/0rmsttXdJj",1.3113144929665352e+18
16,2020-09-30 14:38:45,TinaTinawhite1,"https://t.co/zh5C88L4JB
This just hit #3 on #amazon after using my #book promotion! 
BOOK YOUR PROMOTION WITH ME NOW! 
#writerslift #WritingCommnunity #writingtips #author",1.3113145462760817e+18
17,2020-09-30 14:45:29,CDNewsDispatch,"#Britain's #Morrisons creates 1,000 jobs to process #Amazon orders https://t.co/36DbQ5bIMs",1.3113162415004426e+18
18,2020-09-30 14:43:00,Haidji,"Read ""Think like a Monk - Train Your Mind for Peace and Purpose Every Day""  - Click on https://t.co/uFpMyS67Tr #books #thinkllikeamonk #JayShetty #reading #bestseller #amazon #amazonbooks #read #mustread #booklovers #BookWorm #book",1.3113156147120456e+18
19,2020-09-30 14:40:32,torgsoft_news,"#Amazon запускает технологию оплаты ладонью в собственных розничных магазинах.👆 Кроме того, #компания планирует продавать Amazon One другим бизнесам с целью использования в магазинах, офисных зданиях и на стадионах - The Verge.",1.3113149940557783e+18
20,2020-09-30 14:38:29,JimTorrence,"""#Walmart and #Target to Directly Challenge #Amazon on #PrimeDay"" via @themotleyfool 

https://t.co/ITEW8Sm5Nt",1.311314479762768e+18
21,2020-09-30 14:38:49,XperienceDope,"Blasting EPMD - You Gots To Chill right now on Pretty Dope Xperience Radio aka #BlackPandora

listen now and catch a wave!! https://t.co/VqKFopeoex  #nowplaying #np #RT  #NowStreaming #Streema Download Now #Alexa #GooglePlay #iOSAppStore #Amazon #",1.3113145632420905e+18
22,2020-09-30 14:38:16,soso_piano,"アルバム「このほしのうた」（おきつななこ &amp; 重松壮一郎）のネット配信を開始しました。ぜひこの機会にお聴きください！

https://t.co/NxzpkuoM4s

#iTunes #AppleMusic #amazon #spotify #GooglePlay #LINEMUSIC",1.3113144258241208e+18
23,2020-09-30 14:46:15,hispachollos,"🌀 AUKEY Soporte Móvil Coche Rejillas del Aire 360 Grados Rotación Soporte Teléfono Coche Ventilación para iPhone 11 / XS Max, Google Pixel 3 XL, Samsung, GPS y otros Smartphone. #Amazon 🇪🇸

💶 Precio oferta: 7,21€ 💥 (PVP normal: 9,99€ ...
https://t.co/LPafYDUpbx
#chollo",1.3113164341658255e+18
24,2020-09-30 14:41:15,TinaTinawhite1,This just hit #3 on #Amazon!,1.3113151740585943e+18
25,2020-09-03 18:26:48,LenovoLegion,"Lenovo Legion x @PlayApex
Now is your chance to rise above the rest. 
Unmatched performance, purposeful engineering, modern design.
Gear up with a machine as savage as you are.
Stylish outside.
Savage inside.",1.301587465258578e+18
26,2020-09-30 14:44:01,denimorse,Love Fantasy &amp; SciFi? #Win a $100 #Amazon #GiftCard in this month's mega #BookBub #Giveaway via @sffbookbonanza: https://t.co/GfdvEwtDBY,1.3113158713194865e+18
27,2020-09-30 14:45:15,thecruxfinder,8 Easiest Ways to Get Amazon Reviews #amazon #Amazonfba #fba #AmazonSeller #eCommerce #onlineseller #onlineselling #primeday #listing #amazonppc #sellertool #buybox #fbaseller #repricer https://t.co/aOqlsz9SkB,1.3113161803015004e+18
28,2020-09-30 14:39:32,creativemm12,"👉https://t.co/vYghzxVdvR #amazon👈
💯👉Auto Follower👈💯
💯👉#自動相互フォロー👈💯

#相互フォロー100
#Bad #Bunny #Crocs
#Tottenham #vs #Chelsea
#Mac #Davis
#フォロバ100パーセント
#TeamFollowback
#FollowBack
#相互リツイート
#followermachine
#相互RT
#f4f
#followe",1.3113147449223905e+18
29,2020-09-30 14:42:22,michael5smith,"A #Costco Made Into an #Amazon Hub Sells in One of L.A.'s Priciest Industrial Deals of Decade  

https://t.co/v4Q8MQ2DhH",1.3113154578073928e+18
30,2020-09-30 14:42:22,miumiuMH,"余白、スナック、そんな単語をこれから大切にしたいな(๑&gt;◡&lt;๑)
#人生の勝算
#前田裕二

人生の勝算 (NewsPicks Book) https://t.co/3OAzKZO5KO… #Amazon",1.31131545566396e+18
31,2020-09-30 14:39:22,COMEDYsectionUK,@AerialDirect please see this call it’s a fake call from #amazon about a prime account saying they will take £79.99 from my bank. I’ve been harassed by the same recording on my landline 📞 now this call on my mobile. It’s from Andover UK I’ve contacted action fraud &amp; Hants police https://t.co/A6DZXnXgYs,1.3113146995318088e+18
32,2020-09-30 14:45:14,CoolDealCA,"Highly Rated Portable Bluetooth Speaker for $22.99!!

#freebies #deals #deal #moneysaver #greatdeal #steals #discount #sale #bargain #bargainhunter #bargainshopper #cheap #bestprice #Amazon  #Deals #giveaway #Deal #ganga

 https://t.co/ZTDPOscoty https://t.co/sXxL8tLygH",1.3113161781916467e+18
33,2020-09-30 14:38:41,kaflickinger74,#WHOA Don’t Miss This #AMAZON #GIFTCARD #GIVEAWAY #AMREADING #FREEBOOKS https://t.co/LsjJjpPvAI,1.311314530094461e+18
34,2020-09-30 14:45:37,JoelPintoRomero,"¡El sueño de muchos: VENDER MÁS Y MEJOR! Mi #libro ""¿Vendedor?¿Yo? - Manual de #ventas para #emprendedores"" te puede ayudar a lograrlo. Temas sencillos, interesantes, que abrirán tu mente al #concepto de #venta #profesional. Está en #amazon. Cómpralo hoy https://t.co/JLMCEvlyO4 https://t.co/MfqkH49pgL",1.3113162721693204e+18
35,2020-09-30 14:46:20,yumori021001,"スーパーマリオ 3Dコレクション 

【楽天ブックス限定特典：ポストカード（4種セット）】

3つの歴代3Dマリオを1本のソフトに😆

楽天
▷ https://t.co/T8AADJVK4W

amazon
▷ https://t.co/cjzOrmaJwm

#任天堂 #スーパーマリオ
#大人も楽しい #楽天ブックス
#Amazon

ROOM https://t.co/5yJvEo7CiU",1.311316453845422e+18
36,2020-09-30 14:39:00,potedolce_,"姫神　ゴールデン☆ベスト https://t.co/ASj7GS0SCZ #Amazon
《行秋》はこちらにも収録されています。",1.3113146074834452e+18
37,2020-09-30 14:46:05,kot_begemot_y,侯景の乱始末記──南朝貴族社会の命運 (志学社選書) https://t.co/N6WDzcCthh #Amazon,1.3113163919417385e+18
38,2020-09-30 14:38:56,svnkrmr,"(3/3) During the tours, you can check out and purchase goods from local shops; Amazon will then ship the goods to you. #ecommerce 

#Amazon began working on the program long before the #Corona pandemic began and has been recruiting tour guides since at least last year. https://t.co/j7KIe4Xsqc",1.3113145933865533e+18
39,2020-09-30 14:42:06,Contratasublime,Estamos muy emocionados por estar recibiendo notificaciones de venta tanto en #MercadoLibre como en #Amazon.,1.311315388014252e+18
40,2020-09-30 14:41:34,UrbanLegendzPod,"LINK IN BIO⬆️ 

#subscribe #justinhires #brandontjackson #urbanlegendzpodcast #urbanlegendz #podcast #spotify #apple #amazon #youtube https://t.co/Km3bmTfEcc",1.311315255889453e+18
41,2020-09-30 14:41:59,ai3158,ワルの知恵本 https://t.co/bILhkZqZWk #Amazon,1.3113153593837076e+18
42,2020-09-30 14:43:12,JourneyHeroApp,"For those not able to travel at present, #Amazon launches #virtual #tours and #activities for #destinations https://t.co/54WCnde7Bj via @PhocusWire",1.3113156644943626e+18
43,2020-09-30 14:43:29,emergeprogroup,"Wtf! Now #Amazon has a biometric system, that will read the palm of your hand to place orders... So, whats the use of having credit cards and money on you, if making a secure purchase with your bare hand is the future? https://t.co/LY6P2gkAnv",1.311315737257087e+18
44,2020-09-30 14:43:04,XperienceDope,"Blasting Full Force - Ain't My Type Of Hype right now on Pretty Dope Xperience Radio aka #BlackPandora

listen now and catch a wave!! https://t.co/VqKFopeoex  #nowplaying #np #RT  #NowStreaming #Streema Download Now #Alexa #GooglePlay #iOSAppStore #Amazon #",1.311315634404438e+18
45,2020-09-30 14:38:57,FreeKindleBook4,"Free Today: The Number One Fan https://t.co/hkobej2HyE
#bookboost #amazon #kindle #ebook

5 stars!

""A fun, thrill-ride of a book with lots of twists &amp; turns!""

She’s got everything you want…

Successful software analyst Natasha has the perfect house, wonderful friends, and...",1.3113145961798697e+18
46,2020-09-30 14:40:37,AharoniBizLaw,"Is Amazon the Right Place to Sell My Products? https://t.co/hnczd22SEn 

Is Amazon right for premium products, handmade products, expensive products, large products...

#startup @wsj #smallbiz #entrepreneur #business #success #BusinessTips #Amazon #sales",1.311315017380311e+18
47,2020-09-30 14:41:21,Hareers1,@ebay @amazon #ebay #amazon 3 Mens Emoji Smiley Faces Cotton Boxer Shorts Trunks Underwear S M L XL https://t.co/5ORhbsaISK via @eBay_UK,1.3113152007050076e+18
48,2020-09-30 14:45:15,CoolDealCA,"1080P Waterproof WiFi Home Security Surveillance #Camera for $36.99!!

#freebies #deals #deal #moneysaver #greatdeal #steals #discount #sale #bargain #bargainhunter #bargainshopper #cheap #bestprice #Amazon  #Deals #giveaway #Deal #ganga

 https://t.co/gwSlQBA5z5 https://t.co/XFBRKEUoSV",1.3113161811109274e+18
49,2020-09-30 14:45:00,DeanOrmond,"Looks like #Amazon are going to be theleaders in tech next year with new #Echoes, a new #EchoShow, new #FireTVStick (Including #ZoomMeeting) + #AlexaCare &amp; #RingDrone ... Better get my Wallet ready!!!",1.311316118204592e+18
,date,screen_name,tweet,tweet_id
0,2020-09-30 14:36:14,nekohasaikyo,"メランコリア 上 (ヤングジャンプコミックスDIGITAL) https://t.co/ISJm5F3jIM #Amazon
さっきの人とはちがうけど好きな短編集",1.311313911476437e+18
1,2020-09-30 14:38:03,svnkrmr,"(1/3) Nach den ""#Airbnb Online Experiences"" hat #Amazon 
die Beta Phase vom #AmazonExplore gestartet.

https://t.co/XTYKS433yG

“Amazon Explore connects you to hosts all over the world, allowing you to learn, shop, and discover people and places from the comfort of home. ... https://t.co/rzON1wKrJG",1.3113143710506476e+18
2,2020-09-30 14:35:21,kana_ogawa,"【日本のTVドラマDVD】ベスト10
MIU404 ディレクターズカット版 DVD-BOX
https://t.co/5wnNiXdzhs #Amazon",1.3113136920136786e+18
3,2020-09-30 14:36:26,TheInStockRoom,"***New Deal***
Lee Apparel at Amazon
New price up to 37% off
https://t.co/sMa48ThQ0P
#Deals #newDeals #savings #Amazon https://t.co/FVVlLpoSeJ",1.3113139634775e+18
4,2020-09-30 14:37:54,WiserAsIWrite,"Thanks for responding  🤦‍♀️🤦‍♀️🤦‍♀️ 

#amazon #SMH #whyareyouhere https://t.co/CLtQrKlwD1",1.3113143311124767e+18
5,2020-09-30 14:37:17,orhdeals,"Gionee Wireless power bank 10000mAh starting at ₹ 1,299 #Amazon #Coupons #Deals https://t.co/3xzWzTYXia",1.3113141759945318e+18
6,2020-09-30 14:36:25,LoMasChollo,"- Apoya a las pequeñas y medianas empresas - 

Compra ahora 10 euros en pequeñas y medianas empresas, ¡y llévate 10 euros para comprar en el #Primeday !

¡Corre! 👉 https://t.co/fYpx2qS6wv

#amazon #chollos #chollo #oferta #ofertas #miercoles #felizmiercoles https://t.co/MZCktRXNJV",1.3113139581045965e+18
7,2020-09-30 14:34:16,AmazonReviewES,"El chollo-postre⁣
⁣
Aquí van los chollacos: 🤘 --&gt; https://t.co/jh4usbbGa3⁣
#chollos #amazon #rebajas #gangas #barato #otoño #autumn #winterIsComming #cool #bufanda https://t.co/hxYiKK4HEh",1.3113134183438991e+18
8,2020-09-30 14:36:04,fklivestolearn,"#Amazon is more than an #Online store - #ecommerce #Cloud #streaming #business 

@kashthefuturist @DioFavatas @gvalan @DrFerdowsi @junjudapi @digitalcloudgal @YuHelenYu @enricomolinari @avrohomg @DigitalFawad @kuriharan @fogle_shane @JolaBurnett @techpearce2 @efipm @JGrobicki https://t.co/kgwikmv5cE",1.3113138724192543e+18
9,2020-09-30 14:35:03,Blue_Rabbit1818,"歴史小説の合間に読み始めた本
ぼんやりしてたアートの価値観や昭和時代に良しとされてた価値観が自分にこびり付いてた事に気付かしてくれる良本
まだ途中だけど最後まで読んだ時に読む前と違う視点を持てそうで既にワクワク

ハウ・トゥ　アート・シンキング https://t.co/a95TPDTyqU #Amazon",1.3113136151321354e+18
10,2020-09-30 14:34:12,larrylowr,"Vivo Nex With Pop-Up Selfie Camera Launched,.... #amazon #technologyfacts #technologyfact https://t.co/HdRcXyeYwV https://t.co/N8pX9PDTym",1.3113134021077524e+18
11,2020-09-30 14:34:04,soiqbot,"Unable to install pandas on AWS Lambda
https://t.co/2P8gjNe8Dz
#python #amazon-web-services #numpy #pandas #aws-lambda",1.3113133692746916e+18
12,2020-09-30 14:36:00,kaflickinger74,WOW! It’s an #AMAZON #GIFTCARD #GIVEAWAY #AMREADING #FREEBOOKS https://t.co/v2RYDZ2I4y,1.3113138536413594e+18
13,2020-09-30 14:35:46,lootupdates4u,"Marks &amp; Spencer Upto 77% Off

https://t.co/OoMEnkB4Ug

 (In Stock) 3 Ply Mask (Pack Of 500) at Rs.499

https://t.co/0zdOCINUVW

Pack of 500, 1000, 2000 also available https://t.co/akKTyo36s4 and stock are subject to change #amazon #dealoftheday #flipkart #loot #coronavirus",1.311313795957035e+18
14,2020-09-30 14:34:23,masasan1818,"https://t.co/s30GlF4R6y
芸能界は闇界と密接な関係があり、また一部政界ともと言う話がある。

Amazonほしい物リストを一緒に編集しましょう https://t.co/8JHlpGmbfw #Amazon",1.3113134464036332e+18
15,2020-09-30 14:37:27,hispachollos,"🌀 Auriculares Inalambricos,5.0 Auriculares Bluetooth In Ear con Microfono Cascos Hi-Fi Estéreo CVC8.0 Reducción Ruido 20H Tiempo Juego IPX5 Impermeable para iPhone Xiaomi Huawei etc Smartphone.. #Amazon 🇪🇸

💶 Precio oferta: 16,99€ 💥  ...
https://t.co/AYTroVkSB2
#chollo",1.3113142199593e+18
16,2020-09-30 14:37:03,Julio_2_B,"¿Que estarías dispuesto a hacer para proteger a la persona que amas?

Participante Concurso Premio Literario Amazon Storyteller 2020 🏆

Travesía de un corazón roto 
📗🗺️💔

#PremioLiterario2020 #Amazon

Conócela 📚👉🏼 https://t.co/uDXrpydAPo https://t.co/XZyaR2tIYn",1.3113141192917893e+18
17,2020-09-30 14:35:00,kana_ogawa,"【日本のTVドラマDVD】ベスト10
逃げるは恥だが役に立つ DVD-BOX
https://t.co/Tvixg60qUa #Amazon",1.311313604059177e+18
18,2020-09-30 14:38:12,OptionsProOI,"#Amazon $AMZN Has A Good #Technical Analysis Score (TA Score). Breakdown Of 3 Categories: #candle score Weak; moving average score Excellent; #momentum score Good #stocks #stock #StockMarket #Investment #investing https://t.co/IWZSYMAia0
https://t.co/OCk0XUWGpq https://t.co/1PR6jjrNsO",1.3113144093402972e+18
19,2020-09-30 14:35:16,kana_ogawa,"【日本のTVドラマDVD】ベスト10
小さな恋のものがたり コレクターズDVD &lt;HDリマスター版&gt; 【昭和の名作ライブラリー 第85集】
https://t.co/3EC71rW0oz #Amazon",1.3113136700313313e+18
20,2020-09-30 14:35:06,kana_ogawa,"【日本のTVドラマDVD】ベスト10
アンサング・シンデレラ 病院薬剤師の処方箋 DVD-BOX
https://t.co/zu4kzxGnXW #Amazon",1.311313626012164e+18
21,2020-09-30 14:34:51,OliyumVariyum,@spotifypodcasts #InternationalPodcastDay please check out my #tamil #podcast on #anchor #spotify #apple #google #amazon  https://t.co/Z29uUwaWEI,1.311313562888024e+18
22,2020-09-30 14:35:32,kana_ogawa,"【日本のTVドラマDVD】ベスト10
特別機動捜査隊 スペシャルセレクションVol.1&lt;デジタルリマスター版&gt; [DVD]
https://t.co/w10SrZiZkq #Amazon",1.3113137358105764e+18
23,2020-09-30 14:37:01,CoolDealCA,"Get those Amazon purchases 🎁shipped faster for free 
One month #free #Amazon Prime trial
6 month 👀 free for students
click for details
https://t.co/vkCEWOmxOz https://t.co/dq9m63wErx",1.3113141112932598e+18
24,2020-09-30 14:36:19,ROCKYBOIMAN50,"Over 600 copies sold since release in August!...thank you very much to those who did!..anyone looking for advice on how to become your best check it out! Easy read!

Rocky's Rules: A Playbook for Becoming Your Best in Challenging Times https://t.co/YaFDSQsptO #Amazon",1.3113139325655245e+18
25,2020-09-30 14:35:05,XperienceDope,"Blasting D-Nice - Call Me D Nice (Dirty) right now on Pretty Dope Xperience Radio aka #BlackPandora

listen now and catch a wave!! https://t.co/VqKFopeoex  #nowplaying #np #RT  #NowStreaming #Streema Download Now #Alexa #GooglePlay #iOSAppStore #Amazon #",1.3113136231097713e+18
26,2020-09-30 14:35:42,kana_ogawa,"【日本のTVドラマDVD】ベスト10
晩媚と影~紅きロマンス~ DVD-BOX2 &lt;シンプルBOX 5,000円シリーズ&gt;
https://t.co/AnCaeeIziT #Amazon",1.311313779901096e+18
27,2020-09-30 14:34:41,LoMasChollo,"- #OFERTAS ANTICIPADAS por el #PRIMEDAY – Exclusivo para clientes Prime
¡Corre! 👉 https://t.co/3Gea52HF9x

#amazon #chollos #chollo #oferta #ofertas #miercoles #felizmiercoles https://t.co/WUw7iwY1xK",1.3113135211168768e+18
28,2020-09-30 14:38:08,MrBookNarrator,Fall in love with James as you follow him through his life...  I did.  #EscapeFromMilltown #Audible #AudioBook #AmReading #JamesRobersonNovels #Amazon #MrBookNarrator See more: https://t.co/Dt8oViRavc https://t.co/PxumOqXmdp,1.3113143902855987e+18
29,2020-09-30 14:35:48,kana_ogawa,"【日本のTVドラマDVD】ベスト10
クリミナル・マインド／FBI vs. 異常犯罪　シーズン14　コレクターズ BOX [DVD]
https://t.co/bTr7Mb1qER #Amazon",1.3113138018793308e+18
30,2020-09-30 14:37:55,chollosyoferta,"#Chollo #Amazon 52% DESCUENTO Küchenprofi Cacerola Ovalada, Hierro Fundido, Rojo, 31 x 24.5 x 11.5 cm

Precio oferta: 148,8
Reacondicionado: 70,02

    👇👇👇👇👇👇👇
👉 https://t.co/irUPJdqJTD https://t.co/YuSEO8O9aM",1.3113143383770726e+18
31,2020-09-30 14:35:03,BigTopApps,Manage #ebay #amazon #pinterest products and sales #business all from one place! https://t.co/Jpr9PDvFkN,1.311313615144788e+18
32,2020-09-30 14:37:10,cambriahebert,"BearPaw Resort Series is now back in kindle unlimited so if you haven't read it yet now is a good time! 
You can also purchase the ebook + paperback 
https://t.co/aCvtr4Uvcy

#series #romanticsuspense #KindleUnlimited #amazon https://t.co/C2Ocd9YKQQ",1.3113141473181573e+18
33,2020-09-30 14:38:01,magpie882,"Back on my invisible bicycle!

It took a few tries and lots of watching other people in the class do it, but I finally managed to complete the sequence!

#aerialhoop #beginner #onemoveatatime #amazon https://t.co/8ndOe2vCoG",1.3113143634548204e+18
34,2020-09-30 14:37:11,MITickWatcher,#Amazon $AMZN Has A Good #Technical Analysis Score (TA Score). Breakdown Of 3 Categories: #candle score Weak; moving average score Excellent; #momentum score Good #stocks #stock #StockMarket #Investment #investing https://t.co/Gr3YvQQ4OY https://t.co/rvmskQCKwI,1.3113141536639017e+18
35,2020-09-30 14:36:58,CleoNeverStops,"Winning in the Era of #Amazon
Brokerage and #UberFreight:

https://t.co/BxvkJxxX0v

#logistics #supplychain #supplychaindisruption #supplychainagility",1.3113140962398945e+18
36,2020-09-30 14:35:05,JoeShelerud,"Do you know how much of your #amazon advertising spend is actually productive 😬?

Find out where you're standing with your PPC campaigns by using our free tool on our website at https://t.co/PS6Gb4q7ix 

No obligations. NO CC. 

#amazonppc #amazonadvertising #amazontool https://t.co/ADHE3eV57Z",1.3113136230636913e+18
37,2020-09-30 14:36:47,rakten_kaden_,"09/30 23:36

＼高評価レビュー多数／洗濯機 7kg 全自動 IA
【楽天】29800円
【Amazon】30800円

★楽天で購入すると★
 1000円 お得（お得率3％）

↓お得な情報を一覧で確認出来るサイト
https://t.co/kMQYxgL6Rh

#楽天市場 #Amazon #お得 #せどり https://t.co/lml6jxKcjf",1.311314049594925e+18
38,2020-09-30 14:35:12,CoolDealCA,"Highly Rated Wireless Earbuds for $19!!

*Nice backup pair

#freebies #deals #deal #moneysaver #greatdeal #steals #discount #sale #bargain #bargainhunter #bargainshopper #cheap #bestprice #Amazon  #Deals #giveaway #Deal #ganga

 https://t.co/0RX6VUo0tT https://t.co/tqcB0scSKI",1.3113136513835786e+18
39,2020-09-30 14:34:34,Uber1800,"Nintendo Switch Lite（ニンテンドー　スイッチ） コーラル
https://t.co/N8FjxPJhiT #Amazon",1.3113134916979139e+18
40,2020-09-30 14:34:47,MoneyPigTrading,"long term investment 

$ILMN 303.24 target hit

330, 347 EMA resistance next 

 added more at 306.7

plan to hold at least 3-5 years

#investment #stocktrading #trading #stockmarket $SPY #estoque #valores  #株式 #投資 #amazon #moneypigtrading #股市 https://t.co/NdQBBzNhtJ https://t.co/0Zq4TKF9pB",1.3113135464838717e+18
41,2020-09-30 14:35:11,kana_ogawa,"【日本のTVドラマDVD】ベスト10
連続ドラマW 彼らを見ればわかること DVD-BOX
https://t.co/YhGdidFbox #Amazon",1.3113136480405996e+18
42,2020-09-30 14:35:12,CoolDealCA,"WD 2TB Elements Portable External Hard Drive for $64.99!! (Retail: $129.99)

#freebies #deals #deal #moneysaver #greatdeal #steals #discount #sale #bargain #bargainshopper #cheap #bestprice #Amazon  #Deals #giveaway #Deal #ganga

 https://t.co/s6mX9qKQaE https://t.co/VgIR9LGMYI",1.3113136539211284e+18
43,2020-09-30 14:35:12,OfertacularRL,"‼️MINI PRECIO‼️ 👁‍🗨 #Ofertacular #Amazon #chollo #oferta #ganga

⚫️ 11 anillos TrifyCore

🛒: ➡️ https://t.co/83pYeLPvwD ⬅️ https://t.co/WFIYjjKwN0",1.3113136538666025e+18
44,2020-09-30 14:35:27,kana_ogawa,"【日本のTVドラマDVD】ベスト10
レジェンド・オブ・トゥモロー (フォース)コンプリート・セット(2枚組) [Blu-ray]
https://t.co/JuM6C7Vlfk #Amazon",1.3113137138786304e+18
45,2020-09-30 14:37:58,RajeshK01597901,"@bitbns Listing in major exchanges 
#bitbns #bns #BNSD #binance #Okex #huobi #Amazon",1.3113143500748595e+18
46,2020-09-30 14:35:15,GratisCasi,"⁠ MINI PRECIO #Amazon

11 anillos TrifyCore

AHORA 4.49€
Envío gratuito

: https://t.co/PMv1F5pOh7

Más chollos en OFERTACULAR
https://t.co/1aLHIgE0D3 https://t.co/N3PUCo3e9A",1.3113136663615037e+18
47,2020-09-30 14:34:35,Mzzshortstuff,"Last Chance! Would you like to win a $50 Amazon Gift Card or PayPal Deposit? Check out this easy entry Gleam giveaway for a chance to #WIN

Open Worldwide

@GooseGiveaways #wingiftcard #wincash #amazon #paypal #winmoney #sweepstakes #giveaways https://t.co/wLdIIBcPQ1",1.3113134955945452e+18
48,2020-09-30 14:35:37,kana_ogawa,"【日本のTVドラマDVD】ベスト10
私の家政夫ナギサさん DVD-BOX
https://t.co/zSo8ywuDQV #Amazon",1.311313757721604e+18
49,2020-09-30 14:35:00,Digital_Decor,"#Thanks for this. My #art #books are available from #Amazon, as well as https://t.co/hHRky8vPQg and https://t.co/FvvXPKYWYy
Cheers! https://t.co/aHwBgHX4Dg https://t.co/NVTfHtb1m1",1.3113136032707666e+18
,date,screen_name,tweet,tweet_id
0,2020-09-30 14:30:30,FoodInstitute,"Promoting a contactless environment, @amazon launched palm recognition technology at its Seattle stores and expects to roll out the Amazon One tech at other stores like Whole Foods: https://t.co/snxksAAq4n     

#contactless #jeffbezos #amazon #wholefoods #foodretail #technology https://t.co/4t8PEEFCZ2",1.3113124709974303e+18
1,2020-09-30 14:31:15,OliyumVariyum,"#InternationalPodcastDay #Tamil #Podcast #movie #song #lyrics #discussion #virumandi #spotify #google #apple #amazon 

@ikamalhaasan @OliyumVariyum 

 https://t.co/rCUKOZBxh0",1.3113126597537014e+18
2,2020-09-30 14:30:38,yuki_nagase,"【バレエDVD】ベスト10
眠れる森の美女 ウエイン・イーグリング振付 新国立劇場バレエ団オフィシャルDVD BOOKS (最新バレエ名作選)
https://t.co/1SiTYsHScX #Amazon",1.3113125014437192e+18
3,2020-09-30 14:34:00,Accountspayable,"Do you mind duplicate and improper #payments, #fraud, being continually in hot water with state and federal #regulators and expensive operating costs? If so, a strong and up-to-date #accountspayable department is critical. Start with the basics. Available on #Amazon https://t.co/dolldpCIcW",1.3113133498593075e+18
4,2020-09-30 14:30:27,yuki_nagase,"【バレエDVD】ベスト10
Miyakoレッスン 吉田都のエッセンス・バレエ・クラス BOOK&amp;DVDセット
https://t.co/qqrYZe96wE #Amazon",1.31131245684983e+18
5,2020-09-30 14:31:36,noizylady,"#Amazon
Save 80% on LUORATA US 7.5ft Hinged Artificial Christmas Tree Foldable Metal Stand | Fir Pencil
$60.00 with code: 80RHTMZE
End: 10/03/2020
https://t.co/azI31ihFNy

#AD #PrimeDay #Sale #Deals #Discounts #Prime #DealoftheDay #amazondeals #xmastree #xmasdecor #xmas2020 #xmas",1.3113127466261258e+18
6,2020-09-30 14:33:54,Charlie_Cawood,"Drake - Nice For What #bigtimeradio https://t.co/N76xPoatRr @Charlie_Cawood @BigTimeRadio1 @bigtime_news
 on #Amazon Echo &amp; App https://t.co/c7cZfm4MQo  #Top40 #Music 247 #Worldwide 3 #Radio #Stations 43 #Countries #Interviews #Billboard https://t.co/JiPHr6jZyC  #SUBMI",1.3113133259517747e+18
7,2020-09-30 14:31:17,XperienceDope,"Blasting Yung Berg - Sexy Lady right now on Pretty Dope Xperience Radio aka #BlackPandora

listen now and catch a wave!! https://t.co/VqKFopeoex  #nowplaying #np #RT  #NowStreaming #Streema Download Now #Alexa #GooglePlay #iOSAppStore #Amazon #",1.3113126655754117e+18
8,2020-09-30 14:30:06,yuki_nagase,"【バレエDVD】ベスト10
DVDで覚えるシンプルバレエジュニア〈Lesson1〉ストレッチからバー・レッスンまで
https://t.co/5vgR3cTeT8 #Amazon",1.3113123690378813e+18
9,2020-09-30 14:30:48,yuki_nagase,"【バレエDVD】ベスト10
Great Ballets From the Bolshoi [Blu-ray]
https://t.co/vCeswO8SCT #Amazon",1.3113125457649295e+18
10,2020-09-30 14:30:01,The_Thrive_in,"Amazon Invests Rs 1,125 Crore In Upcoming Festive Sale.

#amazon #ecommerce #sale #festivesale #onlinebusinessnews #corporatenews #coprorateonlinenews #dailynews #thethrive #onlinenews #onlinecorporatenews #shortnews #dailyupdates #newsapp

Read More: https://t.co/PRzrlZ9SH4",1.3113123466570916e+18
11,2020-09-30 14:33:14,PalletFly,"HOT DEAL! US Toy 4534 6 Piece Crayon Favors
Retail Price: $17.99
Your Cost: $1
Minimum Order: 816 Units
Total Available: 2820 Units
https://t.co/RFLQXqE11R

#wholesale
#amazonfba
#fba
#amazonreseller
#resellerdeal
#fbaseller
#amazon
#Toy
#Toywholesale
#palletfly https://t.co/iffSZTvvlc",1.3113131595132396e+18
12,2020-09-30 14:30:23,CoolDealCA,"144HZ #Gaming Monitor  #Deals!! 💻

Acer 23.6in - 

AOC 24in -  

#freebies #deals #deal #moneysaver #greatdeal #steals #discount #sale #bargain #bargainhunter #bargainshopper #cheap #bestprice #Amazon  #Deals #giveaway #Deal #ganga

 https://t.co/cJWBodH0BL https://t.co/FNW9KJhuqv",1.3113124394982318e+18
13,2020-09-30 14:30:16,yuki_nagase,"【バレエDVD】ベスト10
ドン・キホーテ DON QUIXOTE 新国立劇場バレエ団オフィシャルDVD BOOKS (バレエ名作物語 Vol. 3)
https://t.co/zdxsDZmAFA #Amazon",1.311312413027758e+18
14,2020-09-30 14:31:28,elsuperchollo,"🔥 Preciazo ❗️❗️❗️ #Amazon 

Televisor Philips 24PFS5535/12 24 Pulgadas (60 cm) TV LED (Full HD, Pixel Plus HD, Entra... 

✅ Descuentazo del 26% 

💵 Precio desde 146,55 EUR

🔰 Enlace: https://t.co/qVkunZyxA1 

🌐 https://t.co/wzBTEcEbxW https://t.co/297Q1khOC3",1.311312712568365e+18
15,2020-09-30 14:31:42,chollosyoferta,"#Chollo #Amazon Teka MWE 255 Fi – Forno a microonde con grill, 1450 W, Grigio/Nero

Reacondicionado: 50,28

    👇👇👇👇👇👇👇
👉 https://t.co/u6x5Nh3B5k https://t.co/ohGrLvoZVY",1.3113127738765148e+18
16,2020-09-30 14:31:22,COMEDYsectionUK,@HantsPolice please chase this caller. They have harassed my landline for years. They claim to be #amazon sending recordings about the prime acc and £79.99 will come from my bank ? @AskNationwide @TalkTalk @TheSun @dailystar @DailyMirror @dailyecho #fraudulent #scamcalls plz stop https://t.co/LJZw74MXTi,1.3113126871634657e+18
17,2020-09-30 14:31:21,hispachollos,"🌀 VTech-80-190922 Oso de Tela Interactivo, Multicolor (3480-190922). #Amazon 🇪🇸

💶 Precio oferta: 19,99€ 💥 (PVP normal: 29,99€)

💳 Enlace: https://t.co/ZFkMKRzEtL

✨ 30 días gratis de Amazon Music Unlimited : https://t.co/dnJe9X8AvY
 ...
https://t.co/W2XuVSwcAj
#chollo",1.3113126853767004e+18
18,2020-09-30 14:33:28,creativemm12,"&lt;Current Weather&gt;
Dallas
Temperature: 65.34°F/ Status: clear
👉https://t.co/7mTSWdAdDK #amazon👈
💯👉Auto Follower👈💯
💯👉#自動相互フォロー👈💯

#FollowBack
#Bad #Bunny #Crocs
#Tottenham #vs #Chelsea
#White #Sox
#TeamFollowBack
#FollowBack
#followt",1.3113132154946028e+18
19,2020-09-30 14:30:32,Adamsformacion,"¡María Peña ha ganado una tarjeta #Amazon de 20€ por participar en las #opositoradas de septiembre! 🥳
Si tú también quieres optar a premio, envíanos tu #opositorada a 📩 social@adams.es ¡Participarás automáticamente y podrías ver tu anécdota publicada! https://t.co/r4nZiEPiQZ",1.3113124803171697e+18
20,2020-09-30 14:31:46,rakten_kaden_,"09/30 23:31

(アウトレット)シャープ ふとん乾燥機 UD-CF
【楽天】13500円
【Amazon】16803円

★楽天で購入すると★
 3303円 お得（お得率24％）

↓お得な情報を一覧で確認出来るサイト
https://t.co/kMQYxgL6Rh

#楽天市場 #Amazon #お得 #せどり https://t.co/4rotNI8uFe",1.3113127893491343e+18
21,2020-09-30 14:33:57,FundingSMEs,"cashinvoice 🗞️ Blog Banche, se il progetto di #BCE per la “#amazon degli Npl” europei si ispira alla BlinkS dell’italiana Prelios - Bankers &amp; Co #finanza 👉🏻
#cessionedelcredito #invoicefactoring #pmi #factoring #fintech
#cashinvoice #npl #innovation  https://t.co/zRgg99IzAf https://t.co/iVnsse0Q60",1.311313339998507e+18
22,2020-09-30 14:32:06,hydroottawa,"Construction is well underway! Get a behind-the-scenes look at our unique approach to powering #Amazon’s newest distribution centre in #Ottawa's south end.

#ottcity #powerup https://t.co/WCbFVNIT8P",1.3113128731892572e+18
23,2020-09-30 14:30:01,yuki_nagase,"【バレエDVD】ベスト10
英国ロイヤル・バレエ チャイコフスキー:三大バレエ - II《白鳥の湖(オシポワ)/眠れる森の美女(ヌニェス)/くるみ割り人形(カスバートソン)》[DVD, 3枚組](日本語あらすじブックレット付)
https://t.co/m5Ek3USMC1 #Amazon",1.3113123464348672e+18
24,2020-09-30 14:30:03,CANcontestfun,#AMAZON #GIFTCARD #KETO #GIVEAWAY https://t.co/zTzrhiS8KY,1.31131235653478e+18
25,2020-09-30 14:32:19,MuzahedH,"We will do photos background removal for amazon product.
Dear Buyers,
We will Remove Background from your Photos or Images with super speedy Express Delivery time of only 1 hours.
#backgroundremove #imagebackground #photobackground #amazonproducts #amazon https://t.co/eT7xZpCOKL",1.3113129282854994e+18
26,2020-09-03 18:26:48,LenovoLegion,"Lenovo Legion x @PlayApex
Now is your chance to rise above the rest. 
Unmatched performance, purposeful engineering, modern design.
Gear up with a machine as savage as you are.
Stylish outside.
Savage inside.",1.301587465258578e+18
27,2020-09-30 14:31:29,JamesM_Stuart,"Welcome to the Tudor Court of #HenryVIII, a place where everyone is in constant danger of losing their heads... 🌹🪓💀
#TheIllegitimateTudor, a #mustread #historical #novel.
#Tudors #AnneBoleyn #kindle #KindleUnlimited #ebook #amazon #99p 
Buy now: https://t.co/26Z7Fl0j77 https://t.co/KYOtOu9L0S",1.3113127189437071e+18
28,2020-09-30 14:30:11,yuki_nagase,"【バレエDVD】ベスト10
Great Ballets from the Bolshoi/ [DVD]
https://t.co/NceftTekC3 #Amazon",1.3113123909783347e+18
29,2020-09-30 14:30:22,CoolDealCA,"Too many SNKRS wins? 👟

10 Tiers Shoe Rack only $26.99!!

#freebies #deals #deal #moneysaver #greatdeal #steals #discount #sale #bargain #bargainhunter #bargainshopper #cheap #bestprice #Amazon  #Deals #giveaway #Deal #ganga

 https://t.co/jItpQKzriQ https://t.co/BpTQPOfpyI",1.3113124365496074e+18
30,2020-09-30 14:32:34,readernoir,#shooting at #Amazon facility in #Florida,1.311312989849555e+18
31,2020-09-30 14:30:01,alkhaleja,كشفت شركة #أمازون عن تقنية بيومترية جديدة للدفع اللاتلامسي تتيح للزبائن تسديد ثمن مشترياتهم في المتاجر باستخدام راحة اليد بدل البطاقة المصرفية. #Amazon https://t.co/F0tsh9agFB,1.3113123471100764e+18
32,2020-09-30 14:34:00,evantagestore,"We at #Evantage are A+ experts that help #Online sellers maximize the potential of Amazon A+ content and Amazon Enhanced Brand Content.

Join us @ https://t.co/PAZ5QNtq2P

#Amazon #Amazonebcexpert #amazonebcservices #AmazonEBC #amazonreview #contentmarketing
#ecommercestores",1.3113133500311552e+18
33,2020-09-30 14:30:43,PPFashion4,"ONLINE SHOP - US
[https://t.co/gFbLThdiuH]
Instant Pot Duo Mini 7-in-1 Electric Pressure Cooker, Sterilizer, Slow Cooker, Rice Cooker, Steamer, Saute, Yogurt Maker, and Warmer, 3 Quart, 11 One-Touch Programs
#pressurecooker #ads #amazon #amazonaffiliate #amazonprime #Products #ad https://t.co/DzujEac4ak",1.3113125248941097e+18
34,2020-09-30 14:31:51,dapryz5,Love Fantasy &amp; SciFi? #Win a $100 #Amazon #GiftCard in this month's mega #BookBub #Giveaway via @sffbookbonanza: https://t.co/Zf3m6jmK0f,1.311312811063214e+18
35,2020-09-30 14:30:32,yuki_nagase,"【バレエDVD】ベスト10
アラジン (バレエ名作物語vol.5) (バレエ名作物語vol.５)
https://t.co/yfdlZndUhH #Amazon",1.311312479020966e+18
36,2020-09-30 14:32:35,kaflickinger74,Check Out This $50 #Amazon #GiftCard #Giveaway #FREEBOOKS #KINDLEUNLIMITED https://t.co/YV4px2fVRW,1.311312995474174e+18
37,2020-09-30 14:30:03,amazon_rankinQ,"【microSDカード】
シリコンパワー microSD カード 64GB class10 UHS-1 U3 対応 4K 録画 3D Nand S...
￥1,180
https://t.co/ukemly6gTJ
#amazon",1.3113123564047278e+18
38,2020-09-30 14:34:02,CupidName,https://t.co/nDn6DiU6VN live domain name auction! #creditcard #CreditCards #Giftcard #giftcards #OnlineMarketing #DigitalMarketing #MarketingDigital #amazon #visa #mastercard #americanexpress #Domains #domain #DomainInfo #DomainNameForSale #domainsforsale #domainname #webdev https://t.co/08KgXG6zIw,1.3113133601857085e+18
39,2020-09-30 14:30:22,yuki_nagase,"【バレエDVD】ベスト10
くるみ割り人形 ウエイン・イーグリング振付 新国立劇場バレエ団 オフィシャルDVD BOOKS (最新バレエ名作選)
https://t.co/9rJkmgF9iC #Amazon",1.3113124349052682e+18
40,2020-09-30 14:33:32,elsuperchollo,"📌 Chollazo 💥💥 #Amazon 

Vans - Atwood, Zapatillas Niñas^Niños 

Descuento ⭐️⭐️⭐️⭐️⭐️ 40% 

💵 Precio desde 26,99 EUR

🔰 Enlace: https://t.co/k5Kx1qxJh3 

🌐 https://t.co/Q6Pyxov7J1 https://t.co/f9ExlIvWnY",1.311313233362518e+18
41,2020-09-30 14:30:15,DabashDeals,"Maximize the flavor and aroma of any coffee with this #Bodum 1924-17 Coffee Maker, 17 oz, Gold for only $27.49

#dabashdeals #newdeals #coupons #deals #bodum #1924 #coffee #coffeemaker #17oz #gold #amazon

CLICK HERE: https://t.co/dZepf9ZLdb https://t.co/hxMwDZzUIG",1.311312408233816e+18
42,2020-09-30 14:31:35,iMoGalore,"Best Books of the Month: Mystery, Thriller &amp; Suspense #AMAZON
https://t.co/BfPTqyRNEh",1.311312740728832e+18
43,2020-09-30 14:32:00,StanleyEpstein,#Amazon rolls out palm #payment #technology https://t.co/t5G2pbNk29 via @Finextra,1.3113128466434376e+18
44,2020-09-30 14:32:43,kaflickinger74,Don’t Miss This #EASY to #ENTER #GIVEAWAY! #AMAZON #GIFTCARD #KINDLEUNLIMITED https://t.co/Mpa9NUY8p6,1.31131302683913e+18
45,2020-09-30 14:32:12,dapryz5,Love Speculative Fiction? #Win a $100 #Amazon #GiftCard in this #Facebook &amp; #Twitter #Giveaway via @sffbookbonanza: https://t.co/tbGlGZpWWi,1.3113128988751094e+18
46,2020-09-30 14:30:43,yuki_nagase,"【バレエDVD】ベスト10
英国ロイヤル・バレエ《コッペリア》 [Blu-ray Disc, 日本語解説]
https://t.co/ulTwm3zNsw #Amazon",1.3113125237741896e+18
47,2020-09-30 14:32:00,Tarrako1162,"🔥CHOLLO! #Amazon | 

📢Calvin Klein One Shock Her Agua de #Colonia - 200 ml

#PRIME

   ❌ Antes: 39,05€
   🔥 PRECIO OFERTA: 28,94€🔥 -26%
   🔰 Enlace: https://t.co/GppCzkxL9h https://t.co/X5JjVRWrPg",1.3113128466895094e+18
48,2020-09-30 14:32:02,JDLBusiness,Amazon's World | Trends With Benefits Podcast 09/29/20. #Amazon #Podcasts #TechNews #Business https://t.co/4pHZ4TTTHd,1.31131285667208e+18
49,2020-09-30 14:30:17,buybooks_amazon,#BestBooks #Amazon #Novel : ORPHAN X: A NOVEL (EVAN SMOAK) --&gt; https://t.co/Pt5uPVSfjb,1.311312417486332e+18
,date,screen_name,tweet,tweet_id
0,2020-09-30 14:26:01,Looklikke,"Creamos #campañas #pablucitarias #digitales atrévete a ser #masvisible #atrevete a tener #masclientes #masventas #masvistas
Publicidad en #facebook #instagram #googlevideo #twitter #amazon #tiendaonline #tiendawhatapp y más #servicios digitales. https://t.co/mC1kOVYGCX",1.3113113396719575e+18
1,2020-09-30 14:26:22,ajay870612,Thanks #Amazon india for this quiz. #OnePlus8T5GAmazonQuiz https://t.co/OIjJ3YcHVP,1.311311430247805e+18
2,2020-09-30 14:23:36,slr8,"Last Chance! Would you like to win a $50 Amazon Gift Card or PayPal Deposit? Check out this easy entry Gleam giveaway for a chance to #WIN

Open Worldwide

@GooseGiveaways #wingiftcard #wincash #amazon #paypal #winmoney #sweepstakes #giveaways https://t.co/tK9Q9IhIVB",1.311310733372805e+18
3,2020-09-30 14:22:21,andria_mavrek,"#BookBoost #BookBlast #BookPromotion #BookPromo #bookstagram #ebook #ebooks #Books #bookseries #booklove #booklover #booklovers #bookaddict #BookWorm
#Amazon #KindleBooks➡️https://t.co/aU4QYIHaS5
Follow: @andria_mavrek🌟EDGE of the FUTURE🌟
🚀Booktrailer: https://t.co/yxao92hheO https://t.co/xnU5p0saaI",1.311310420561531e+18
4,2020-09-30 14:22:45,ajay870612,Thanks #amazon india.#AmazonQuiz https://t.co/LXyJK2tAhg,1.3113105195051008e+18
5,2020-09-30 14:21:07,SolTaylorRdL,"Una simpática comedia que te demostrará que, a menudo, las cosas no son lo que parecen.

Enlace: https://t.co/YQKiyLu8XM

#kindle #Amazon #leer #KindleUnlimited #comedia #romance #romantica #amor #humor https://t.co/p4ObUQcSs3",1.3113101094071624e+18
6,2020-09-30 14:30:00,AlphaRepricer,"Alpha Repricer cheapest repricer for Amazon India.

https://t.co/Cu3pvzCEq9

#Amazon #AmazonRepricer #AlphaRepricer #amazonindia #sellersofAmazon #fba #India #fbasellers #Mumbai #NewDelhi #Delhi #Chennai #Pune #Hyderabad #Bangalore https://t.co/nVvCGVji3a",1.3113123437252936e+18
7,2020-09-30 14:21:01,IlianaNunez,España exige a #Amazon que cumpla la normativa del sector postal - Infobae https://t.co/5cInd4GH43  #CNMC,1.3113100824000307e+18
8,2020-09-30 14:28:12,tmsl_info,"【限定数: 50 残: 47】洗濯機 台 冷蔵庫置き台 キャスター付 かさ上げ移動式 フットブレーキ付き 昇降可能11~13cm 幅/奥行4 ...
セール特価: ￥2,580 
OFF: ￥500 (16%)
https://t.co/TqzbYrGoUH
#Amazon #タイムセール",1.3113118908872745e+18
9,2020-09-30 14:26:04,elsuperchollo,"No lo hay más barato #Amazon 

Roxy - Lahaina Bay - Top de Bikini Tiki Triangular para Mujer - Conjunto De Bikini Tiki ... 

Descuentazooooo❗❗ 51% 

💵 Precio desde 16,29 EUR

🔰 Enlace: https://t.co/IQdjzx4yzu 

🌐 https://t.co/UQj4mcPLjG https://t.co/2lav5NeUDC",1.3113113553166664e+18
10,2020-09-30 14:21:54,AmazonCoin_io,"AmazonCoin ⬇
$AMA ➡ $0,0178

👉👉 https://t.co/GydSZXKIno 🌿

#amazoncoin #amazon #nature #decentralized #green #cryptocurrencies #cryptocurrency #crypto #defi #dex #cryptonews #ethereum #ether #eth #blockchain #coin #token #ico #tokensale #startup #bitcoin  #btc $BTC $ETH https://t.co/ratYcYIpZO",1.311310306929455e+18
11,2020-09-30 14:27:47,SuesStrategies,#homeschoolers #parents #educators will greatly benefit from these syllable workbooks. #amazon #grammar #reading #learnenglish https://t.co/A3kcRDtA3H,1.3113117875774833e+18
12,2020-09-30 14:21:03,musicmagic10,@homefirstindia 1. PMAY - Pradhan Mantri Awas Yojana 2. EMI - Equated Monthly Installment  #contest #ContestAlert #win #play #answers #AmazonVoucher #Amazon #WINNER #Share #HomeFirst,1.3113100900795924e+18
13,2020-09-30 14:24:47,elsuperchollo,"🔥 Preciazo ❗️❗️❗️ #Amazon 

Roxy - Lahaina Bay - Top de Bikini Bandeau Moldeado para Mujer ERJX304151 

Rebajón del 46% 

💵 Precio desde 19,36 EUR

🔰 Enlace: https://t.co/vQVfpjqCvd 

🌐 https://t.co/xg1V7iDts3 https://t.co/O8enudP6lD",1.311311029213823e+18
14,2020-09-30 14:22:43,NoisettePlace,"#Amazon
Save 10% on 2 Tier 304 Stainless Steel Dish Rack with Trays
$25.59 with code: 10IEXM8T &amp; 10% extra savings coupon
End: 10/29/2020
https://t.co/AWBiB8YcL1

#AD #PrimeDay #Sale #Deals #Discounts #Prime #DealoftheDay #AmazonDeals",1.3113105101225124e+18
15,2020-09-30 14:24:49,trendyworldnews,"#Amazon One: Palm scanner launched for 'secure' #payments
https://t.co/Cc1XYPINRX",1.3113110394561454e+18
16,2020-09-30 14:21:21,hispachollos,"🌀 La viajera del tiempo. #Amazon 🇪🇸

💶 Precio oferta: 1,24€ 💥

💳 Enlace: https://t.co/ctPnsLPk31

✨ 30 días gratis de Amazon Music Unlimited : https://t.co/dnJe9X8AvY

👁 Visto en Hispachollos
https://t.co/eueiDIli1O
#chollo",1.3113101660637512e+18
17,2020-09-30 14:25:07,_mis_ter_e_,"Make #Superman LEGO portraits !!

#dccomics #HenryCavill #christopherreeve #batman #benaffleck #dcfandome #JusticeLeague #JusticeLeagueSnyderCut #JusticeLeagueTheSnyderCut #amazon #kindlebooks #kindleunlimited #kindle
https://t.co/zTZgg0RgVe",1.3113111148992635e+18
18,2020-09-30 14:28:29,chollosyoferta,"#Chollo #Amazon 81% DESCUENTO Roo Beauty Ltd   Bolsa para Tejer, Accesorios de Costura y Agujas de Manualidades

Precio oferta: 65,27
Reacondicionado: 12,22

    👇👇👇👇👇👇👇
👉 https://t.co/TGAy55ZWUR https://t.co/nHzHIkKruX",1.3113119608609178e+18
19,2020-09-30 14:23:51,noizylinks,"#Amazon
Save 10% on 2 Tier 304 Stainless Steel Dish Rack with Trays
$25.59 with code: 10IEXM8T &amp; 10% extra savings coupon
End: 10/29/2020
https://t.co/AwjPGndQJq

#AD #PrimeDay #Sale #Deals #Discounts #Prime #DealoftheDay #amazondeals",1.3113107974030213e+18
20,2020-09-30 14:23:37,elsuperchollo,"⏱ No lo dejes escapar ⏱ #Amazon 

Roxy - Ellie - Chaqueta Acolchada Impermeable de Corte Largo Con Capucha Para Mujer Chaq... 

✅ Descuentazo del 27% 

💵 Precio desde 145,48 EUR (Amazon Prime)

🔰 Enlace: https://t.co/76BeZqd09o 

🌐 https://t.co/IWMQXCQsEE https://t.co/U9E3J69ESf",1.311310737395024e+18
21,2020-09-30 14:30:00,codigos_solo,"✂️Código en RAVPower Cargador Móvil con 3 Puertos USB (30W 5V/6A)
https://t.co/eBggBfVMsn

 #codigos #cupones #chollos #aliexpress #banggood #ofertas #telegram #amazon #offers #gearbest #ebay
ℹ️ Ver código ⤵️",1.3113123444217242e+18
22,2020-09-30 14:29:09,nikiblack,"More #privacy news you can use:"" Dangerous Waters: How the Police Get Information from Amazon"" | Ride the Lightening https://t.co/ryn4F71GlA #dataprotection #dataprivacy #amazon https://t.co/lD2UseebyP",1.311312129673306e+18
23,2020-09-30 14:29:59,Siecledigital,"Le 3ème groupe représente l'@ILV_Formations et la société l'embeillage qui produit des films de protection de cire d'abeille. Ici, on mêle ici éthique et made in France 🇫🇷
#amazon",1.3113123405503324e+18
24,2020-09-30 14:27:32,isbf,"#ISBFDailies 
The organised #retail sector in India is likely to witness a dramatic transition in the competitive landscape, as Amazon decides to acquire 20% equity stake in Reliance Retail. How would such a move impact the retailing sector in India
#Amazon #RelianceRetail https://t.co/VfJrqIvfu0",1.3113117244908093e+18
25,2020-09-30 14:26:56,touhiduzzaman24,"@vintagobsession @21VintageStreet Hi dear,
I like and love graphic design. I work with graphic design very sincerely.
=== My awesome Service This gig ===
Checkout :https://t.co/aTNf3nAgO4  
#BackgroundRemoval #Color_correction #Amazon
#photoshop #photographer #photo
#Retouch #touhidu #product #eBay",1.3113115734749757e+18
26,2020-09-30 14:21:45,rakten_kaden_,"09/30 23:21

PANASONIC ES-CWP82 シルバー 光
【楽天】69500円
【Amazon】71000円

★楽天で購入すると★
 1500円 お得（お得率2％）

↓お得な情報を一覧で確認出来るサイト
https://t.co/kMQYxgL6Rh

#楽天市場 #Amazon #お得 #せどり https://t.co/IxlK4S1Knj",1.3113102673099817e+18
27,2020-09-03 18:26:48,LenovoLegion,"Lenovo Legion x @PlayApex
Now is your chance to rise above the rest. 
Unmatched performance, purposeful engineering, modern design.
Gear up with a machine as savage as you are.
Stylish outside.
Savage inside.",1.301587465258578e+18
28,2020-09-30 14:25:10,CoolDealCA,"Mattress  #Deals!! 🛌

Full - 

Queen - 

King -  

#freebies #deals #deal #moneysaver #greatdeal #steals #discount #sale #bargain #bargainhunter #cheap #bestprice #Amazon  #Deals #giveaway #Deal #ganga

 https://t.co/IxcoraJ7Ug https://t.co/oa4iyWzNg9",1.3113111283419505e+18
29,2020-09-30 14:22:07,elsuperchollo,"Esto es la 💣 #Amazon 

Quiksilver - Kumano - Sudadera con Capucha para Hombre Sudadera con Capucha Hombre 

✅ Descuentazo del 40% 

💵 Precio desde 33,55 EUR (Amazon Prime)

🔰 Enlace: https://t.co/ZCGJOdy1e8 

🌐 https://t.co/FeMVoXJbz7 https://t.co/J70LBMpODr",1.3113103591150346e+18
30,2020-09-30 14:29:02,amzn_ofertas,"⬇️
Ar-Condicionado Split Hw Elgin Eco Power 9.000 Btus/h Frio 220v HWFI09B2IA por Elgin via #Amazon

🛒 https://t.co/LQRA4kTTmQ
https://t.co/LQRA4kTTmQ",1.3113121011143434e+18
31,2020-09-30 14:21:45,AmazonOmy,Tech changes #Amazon brought to #WholeFoods: https://t.co/o0R84PkZlZ #acquisition,1.3113102694281748e+18
32,2020-09-30 14:24:28,TheInStockRoom,"***New Deal***
Chakor 3,600-PSI Electric Pres...
Reduced from $238 to $119
Coupon code: CHAKOR66
https://t.co/TKinqRU7CQ
#Deals #newDeals #savings #Amazon https://t.co/XFE8KPBE3h",1.3113109503608996e+18
33,2020-09-30 14:23:57,mimeyama,"売れ筋から歴史的に重要な本まで
厳選、必読の教本がすべてわかります

ピアノ教本ガイドブック 生徒を生かすレッスンのために https://t.co/vvmK1TX5Ur #Amazon",1.3113108201275924e+18
34,2020-09-30 14:24:34,CoolDealCA,"💲💰
Chakor 3,600-PSI Electric Pres...
Reduced from $238 to $119
Coupon code: CHAKOR66

# #Deals #new #Deals #savings #Amazon  #Deal #ganga

 https://t.co/fOCV9iSfGn https://t.co/nHoUGnmaPp",1.311310976638165e+18
35,2020-09-30 14:24:57,XperienceDope,"Blasting Honey Cone,The - Want Ads right now on Pretty Dope Xperience Radio aka #BlackPandora

listen now and catch a wave!! https://t.co/VqKFopeoex  #nowplaying #np #RT  #NowStreaming #Streema Download Now #Alexa #GooglePlay #iOSAppStore #Amazon #",1.311311075200168e+18
36,2020-09-30 14:24:06,kohaku_713,"#企画
#Amazon
#懸賞
#懸賞垢 https://t.co/9kphL0Zbur",1.3113108604180726e+18
37,2020-09-30 14:24:36,S_A_2323,"Last Chance! Would you like to win a $50 Amazon Gift Card or PayPal Deposit? Check out this easy entry Gleam giveaway for a chance to #WIN

Open Worldwide

@GooseGiveaways #wingiftcard #wincash #amazon #paypal #winmoney #sweepstakes #giveaways https://t.co/QhHbKgJ6cr",1.31131098534135e+18
38,2020-09-30 14:24:33,ECLINEpos,"Encuentra en #Amazon el Punto de venta EC-VP-1100-I3
Con sistema operativo #Windows 10 Enterprise con licencia
Sólo da click aquí: https://t.co/XoVze7Urs3
#puntodeventas #puntosdeventas #puntosdeventasmx #llevatunegocioalsiguientenivel #negociosmexico #comerciosmexico  #windows10 https://t.co/26Z5clhxYD",1.3113109741929472e+18
39,2020-09-30 14:22:04,ofertas_es,"New post in https://t.co/dQZHfp1OMw: -24%  Samsung Galaxy Watch 3 41mm Silver
Hoy:  334,80€
 https://t.co/R5oN6EahVY

#Amazon #AmazonPrime #prime #Chollo #Chollometro #Michollo #descuento #oferta https://t.co/OfyKOYTdk0",1.3113103476561388e+18
40,2020-09-30 14:28:15,saku_web,"爆売れ御礼🔥🔥副業ツール
コロナでネット通販絶好調の中
#Amazon の商品を無在庫で転売できて激アツ😎

無料動画👇🏻
https://t.co/fkum3T3Ka1
ブログ👇
https://t.co/J6SritAhvI

#物販 #せどり #転売 #転売屋
#メルカリ #アマゾン #副業紹介
#副業紹介します #副業紹介しています #ヤフオク #楽天ROOM https://t.co/lVIs0UcAU8",1.3113119055672893e+18
41,2020-09-30 14:24:47,GIJACHONTE,"‍ 💥 CHOLLAZOS SWITCH  #Amazon | #Videojuegos

✅ Daemon X Machina Nintendo Switch
🚫 PVP: 59,99€
🔥 PRECIO OFERTA: 27,99€ 🔥
💳 https://t.co/qGomRNv3h8",1.3113110317723402e+18
42,2020-09-30 14:20:36,Varihanshop,"💥خصم 80٪💥على #بلوزات_نسائية_شتوية بتجنن 😍
السعر الاساسي: 59.85 💲
بعد الخصم: 11.97💲😍🎉🎊💥

كوبون الخصم    801EE18Y

https://t.co/L4HYnf6UJF

#عروض_كوبونات_خصم_على_متجر_امازون
#بلوزات_نسائية_شتوية 
#amazon https://t.co/ulS4rOsjHI",1.3113099799919043e+18
43,2020-09-30 14:26:29,touhiduzzaman24,"@rendon_patsy @Poshmarkapp Hi dear,
I like and love graphic design. I work with graphic design very sincerely.
=== My awesome Service This gig ===
Checkout :https://t.co/aTNf3nAgO4  
#BackgroundRemoval #Color_correction #Amazon
#photoshop #photographer #photo
#Retouch #touhidu #product #eBay",1.311311458345431e+18
44,2020-09-30 14:26:45,rakten_kaden_,"09/30 23:26

ポット 電気 電気ポット 2.2L IAHD-02
【楽天】5181円
【Amazon】5281円

★楽天で購入すると★
 100円 お得（お得率2％）

↓お得な情報を一覧で確認出来るサイト
https://t.co/kMQYxgL6Rh

#楽天市場 #Amazon #お得 #せどり https://t.co/l9XvagLwem",1.3113115275892367e+18
45,2020-09-30 14:20:51,elsuperchollo,"⏱ No lo dejes escapar ⏱ #Amazon 

Quiksilver - Krandy Jr - Pantalónes Cortos Niños 

Descuento ⭐️⭐️⭐️⭐️⭐️ 67% 

💵 Precio desde 13,03 EUR

🔰 Enlace: https://t.co/SiDtS4fJfM 

🌐 https://t.co/25e9s5Ag6B https://t.co/94WxuRkPxg",1.311310041933402e+18
46,2020-09-30 14:28:43,Info_forever01,CHANEL(シャネル)LE COTON ロゴ入りオーガニックコットン 100枚入 オリジナルショップバッグ&amp;リボン [並行輸入品]　https://t.co/b07sM6Dwff　シャネル(〃∇〃) #amazon #beauty #beautiful #happy #life #cosme #bodycare #skincare #everyday #love #chanel #シャネル,1.3113120222781112e+18
47,2020-09-30 14:25:00,Haidji,"“Where different worlds touch each other arises a new world. Inside this..."" #books click on https://t.co/Tz5cM6k7Ko  #quoteoftheday #quotes #kindleunlimited #bookquotes #read #ebook #ku  #paperback #amazon  #inspiration #haidji #goodreads #books #read #reading #BookBoost https://t.co/UvHliLUuPc",1.3113110849392886e+18
48,2020-09-30 14:26:29,creativemm12,"#ソフケン の 【セット買い】ソフケン 額縁フレーム スリムエイト [A1サイズ ゴールド] &amp; アルミ額縁 スリムエイト B3 ブラック 002108
https://t.co/BXpmcwqPgo
#500ADay
#buyandship
#amazon
#Eric #Trump
#Spitting #Image
#Tsum #Tsum #Stadium",1.3113114595953828e+18
49,2020-09-30 14:27:56,azharulsyl,"When it comes to colour, red is king. Meet our Big Bang #MP11 Red Magic.
#hublotwatch #hublotwatches #hublotwatchs #watchswordartonlinealicization #hublotwatchanish #watches #watch #watchmaking #watchoftheday #menwatch #luxelife #alibaba #amazon #daraz https://t.co/u94egr5qqC",1.311311823426134e+18
,date,screen_name,tweet,tweet_id
0,2020-09-30 14:20:22,Charlie_Cawood,"ZAYN - Rainberry #bigtimeradio https://t.co/N76xPoatRr @Charlie_Cawood @BigTimeRadio1 @bigtime_news
 on #Amazon Echo &amp; App https://t.co/c7cZfm4MQo  #Top40 #Music 247 #Worldwide 3 #Radio #Stations 43 #Countries #Interviews #Billboard https://t.co/JiPHr6jZyC  #SUBMI",1.3113099202314568e+18
1,2020-09-30 14:18:55,IDAHO_MODEL_T,"SOMOSOMOがサイリウム現場になったらこれ買う

【安全 誘導 防犯】点灯 点滅 誘導棒 交通 整理 駐車場 軽量 誘導灯 赤色灯 LED 43cm 白手袋 セット https://t.co/sk0ozpblaE #Amazon",1.3113095541104845e+18
2,2020-09-30 14:16:02,tmsl_info,"GOOSERA ドライブレコーダー ミラー型 前後カメラ 【革新版 64Gカード付】 ドラレコ 10インチ フルタッチパネル SONYセンサ ...
特選タイムセール: ￥11,980 
https://t.co/omZHMcWPgb
#Amazon #タイムセール",1.3113088291963863e+18
3,2020-09-30 14:20:16,melissagibbo,"Looking for something dark &amp; #quirky?
My books are on #Amazon #Audible &amp; @BNBuzz sites. Also available at libraries. #serialkiller #lovestory #girlscanbeserialkillerstoo #ghosts #fairytales #myths #vampires #zombies #nightmares #horror #YoungAdult #fiction
https://t.co/B8USrJhyKT",1.3113098958877164e+18
4,2020-09-30 14:17:04,leeklancher,"I wrote a thing about Amazon renting out our books 🙄. Thanks to the @ibpa for printing it (yes, on actual paper). Here's the online version . . . https://t.co/JAP8r111ug #publishing #Amazon #indiepub https://t.co/cEcR5d2pNQ",1.3113090891301233e+18
5,2020-09-30 14:17:37,realryanhartwig,Joe Biden pissed off about 200 million Brazilians last night. #facepalm #biden #Debates2020 #brazil #Brasil  #amazon #amazonia Joe Biden irritou cerca de 200 milhões de brasileiros na noite passada https://t.co/ufvOnGmVgk,1.3113092284982477e+18
6,2020-09-30 14:15:55,NobleLine,Join me in asking @FP_Champagne not to reward the destruction of the #Amazon! 🔥🔥 Immediately halt the Canada-Mercosur free trade deal &gt;&gt; #ActForAmazon #ClimateAction @GreenpeaceCA https://t.co/r9ktzHyZLR,1.3113088009562808e+18
7,2020-09-30 14:16:44,rakten_kaden_,"09/30 23:16

パナソニック　Panasonic ヘアードライヤー
【楽天】7980円
【Amazon】8770円

★楽天で購入すると★
 790円 お得（お得率10％）

↓お得な情報を一覧で確認出来るサイト
https://t.co/kMQYxgL6Rh

#楽天市場 #Amazon #お得 #せどり https://t.co/FA60Abf3RC",1.311309007148036e+18
8,2020-09-30 14:14:12,phoenixfire2010,"#Amazon #author page #books #biography I #write #design every #book 

https://t.co/euCurm1OgU",1.3113083695385436e+18
9,2020-09-30 14:16:09,XperienceDope,"Blasting Mike Jones - Still Tippin (Club) right now on Pretty Dope Xperience Radio aka #BlackPandora

listen now and catch a wave!! https://t.co/VqKFopeoex  #nowplaying #np #RT  #NowStreaming #Streema Download Now #Alexa #GooglePlay #iOSAppStore #Amazon #",1.3113088603475517e+18
10,2020-09-30 14:14:47,offerte_it,"#LG 27GL850 UltraGear #Gaming #Monitor 27"" QuadHD Nano IPS 1ms HDR, 2560x1440, Nero
#Amazon #game #monitorgaming #amazonprime #offerte
#offertadelgiorno

💰SCONTO DEL 25%     
💶RISPARMI € 150,48
❌DA € 599,00
✅A € 448,52

💥Vai all’offerta👇
https://t.co/nPdRSIfllb",1.311308512841134e+18
11,2020-09-30 14:14:41,StephenFurner,Why #EDI is a vital ingredient in any partnership with #Amazon... https://t.co/sYlFSWxVKl #SupplyChain,1.311308489281753e+18
12,2020-09-30 14:18:40,wpbfMark,📚 #DelrayBeach author/mom creates book to help kids understand #masks and this whole new #covid world. It’s called Remember to Smile. You can buy at #Amazon &amp; @BNBuzz @WPBF25News https://t.co/1ggAiFMW5M,1.3113094904662835e+18
13,2020-09-30 14:18:44,lootupdates4u,"DUSSLE DORF 20 Ltrs Casual Backpack

Offer Price: ₹ 281 (Free Delivery)

https://t.co/uInvSmW5Dn

Rodid Men's T-shirt and Sweatshirt 75% off

https://t.co/aolMIgbb1m

More: https://t.co/RlmP2j4aRH https://t.co/A19VWOyIle and stock are subject to change #amazon #dealoftheday …",1.3113095078307226e+18
14,2020-09-30 14:15:41,erekkas,"Enter, shop, pay, go ...just with your palm

#cx #future #amazon 

https://t.co/OPAHCkl19U",1.3113087418542694e+18
15,2020-09-30 14:19:49,pfouquesduparc,"Primed for Competition - Boyden Executive Search 
As #Walmart continues to battle #Amazon on the #ecommerce front, the #retail behemoth launches its new Walmart+ #membership program this month

https://t.co/eobD4nO6mX",1.3113097834300293e+18
16,2020-09-30 14:15:48,slr8,Help me win #amazon gift card from @AuthorDebMason at @FreshFiction https://t.co/kp2kZasVFe,1.311308768983036e+18
17,2020-09-30 14:12:56,chollosyoferta,"#Chollo #Amazon 62% DESCUENTO Wedding Kit   Mini 9 con Accesorios para Foto Especial Bodas, Color Blanco

Precio oferta: 170,63
Reacondicionado: 63,53

    👇👇👇👇👇👇👇
👉 https://t.co/sBp4SOHBqI https://t.co/Qh7qE5YtE3",1.3113080496515686e+18
18,2020-09-30 14:20:29,XperienceDope,"Blasting Erykah Badu - Honey (Club) right now on Pretty Dope Xperience Radio aka #BlackPandora

listen now and catch a wave!! https://t.co/VqKFopeoex  #nowplaying #np #RT  #NowStreaming #Streema Download Now #Alexa #GooglePlay #iOSAppStore #Amazon #",1.31130994878208e+18
19,2020-09-30 14:16:18,RuwanSubasinghe,"So much for collaborative robots reducing injuries. Labour inspectorates need to be trained to monitor human/robot work interactions. 

#Amazon needs to consider the safety/dignity of their workers when introducing tech. But what would a union-busting employer know about that? https://t.co/W4BZj3ATKF",1.3113088982641254e+18
20,2020-09-30 14:20:06,WorldOfWaylon,"NIGHTMARE ESCAPADE is ""#horror that is genuinely frightening, rather than merely gory or gratuitous."" https://t.co/BtpK14yTyc #IndieAuthor #Halloween #Amazon #Kindle #Supernatural #Vampire #Zombies #Thriller #Books #Ghosts #HalloweenReads",1.311309851147088e+18
21,2020-09-30 14:15:31,BlazejStank,"Last Chance! Would you like to win a $50 Amazon Gift Card or PayPal Deposit? Check out this easy entry Gleam giveaway for a chance to #WIN

Open Worldwide

@GooseGiveaways #wingiftcard #wincash #amazon #paypal #winmoney #sweepstakes #giveaways https://t.co/uawlKz5UX5",1.311308697520558e+18
22,2020-09-30 14:15:24,fxmgm,Now Trade #Bitcoin #AMAZON #APPLE #PAYPAL #DAX #CAC #NASDAQ shares and indices #fx #forex --&gt; https://t.co/kXvRg3NCbI,1.3113086687308308e+18
23,2020-09-30 14:16:45,blogosum,"#Amazon for travellers: The North Face Borealis Men's Outdoor Backpack

 https://t.co/ngcSZUD3QV

 #amazondeals #deals #gadgets #travel #giftguide #gift #giftidea #baggage #luggage #flight #holiday #vacation #bag #airport https://t.co/2oEVDVVKDW",1.3113090102562324e+18
24,2020-09-30 14:17:55,best_deals_US,"You'll like this one
Radians Clear Safety Glasses, Scratch-Resistant, Wraparound, One Size

Offer price: $1.74 (27% OFF!)
Retail: $2.39

https://t.co/CbugsxnoHZ

#Amazon #deals #RT https://t.co/nsnUjJ0OUP",1.3113093051702067e+18
25,2020-09-30 14:17:02,buechermaus01,"Romeo in Love
von Bonnyb. Bendix @bonnybbx
#Amazon #Kindleunlimited #Gayromance #ebook #lesen #GermanMediaRT #wochenteiler #bergfest #lesenmachtgl #buecherwurm #bookaholic #blogger #lovemylife
https://t.co/E6OPjuozHd https://t.co/OTo1DmpEKo",1.311309079567106e+18
26,2020-09-30 14:15:19,phoenixfire2010,"Everyone has lied to you since the moment you were born. No one to trust nowhere left to turn. #author #poetry #shortstory #Amazon #Kindle 

https://t.co/07PunsQB3h",1.3113086474488832e+18
27,2020-09-30 14:16:55,elsuperchollo,"🏆Descuento de campeonato🏆 #Amazon 

Quiksilver - Get Buzzy Hoody Men - Sudadera con Capucha Hombre 

✅ Descuentazo del 33% 

💵 Precio desde 40,38 EUR (Amazon Prime)

🔰 Enlace: https://t.co/AtSInSkJfH 

🌐 https://t.co/owHocIqFB2 https://t.co/TXWOVTdL8f",1.3113090526229176e+18
28,2020-09-30 14:17:40,Anthony15054100,"Get a $200 Nike Gift Card!
You can get Now. limited offer in🇺🇸USA.
Hurry to apply 👇https://t.co/jOR9Aa8OP0
#bestbuy
#Bestseller #giftideas #Amazon #Amazon #nike @garyvee @garyvee @GiftCardUSA19 @EvangelistJam12 @JasonMcM4 @giftcardprojct @YRHPK_OfficalFC @janethood57 #Amazon https://t.co/CyiA73sc6E",1.3113092383967928e+18
29,2020-09-30 14:13:00,AMIaudio,"Up next: tech expert Mike Agerbo describes Amazon’s new palm recognition technology, the Amazon One! Tune in: https://t.co/zfYijrlrZ3 #NOWDB #Amazon #AmazonOne @MikeAgerbo https://t.co/EumxnujKR2",1.3113080649314263e+18
30,2020-09-30 14:18:38,elsuperchollo,"Yo ❤ esta oferta #Amazon 

Quiksilver - Kloro Swim Briefs Bañador de Natación Hombre 

💰 Rebajado al 32% 

💵 Precio desde 13,51 EUR

🔰 Enlace: https://t.co/DuKMOUxYrC 

🌐 https://t.co/fmdyO2Yxvv https://t.co/Ntjtk7MnpT",1.3113094819308954e+18
31,2020-09-30 14:20:23,SenseiEnt,"Dangerous Waters: How the #Police Get #Information from @amazon #RTLblog via @sharonnelsonesq and @TechCrunch. #Amazon #data #security 
https://t.co/fBk76woBld https://t.co/37rX0QVi2B",1.31130992364143e+18
32,2020-09-30 14:13:02,phoenixfire2010,"#author #travel local #history #Amazon #Kindle #media #journalist 

https://t.co/Vr7LBQuWBm",1.3113080724727153e+18
33,2020-09-30 14:19:01,BEST300BOT,ベートーヴェン／交響曲第９番《合唱》　【第３位】⇒https://t.co/PKFF4Z40rU #amazon #bot 【第１位】フルトヴェングラー指揮バイロイト祝祭o〈51〉⇒https://t.co/9dCeVY7aj1,1.311309578798162e+18
34,2020-09-30 14:15:03,Tux_Love,Love a good murder? #KindleBargain #Amazon #WritersLife #Crime #IndiePub #BookBoost https://t.co/8fgcX3mTBK,1.3113085808012452e+18
35,2020-09-30 14:17:55,bot_lingo,"#LingoStand_
de Trending Articles: 10, Sources: 9, Words: 4,603
Nouns: euro, prime, unternehmen, prozent
Adjectives: neue, aktuell, ersten, neuen
Verbs: gibt, kann, will, soll
Proper Nouns: #Amazon, #Day, #Stadler, #Audi",1.3113093021001196e+18
36,2020-09-30 14:15:00,maryabshire,"""This #paranormal story had more #suspense then a detective’s murder #mystery."" 

https://t.co/FDYZKeEB4c

#romance #PNR #99c #UrbanFantasy #supernatural #mustread #Goodreads #GreatReads #KindleBooks #Amazon #Kindle #KindleUnlimited #amazonkindle #BookBuzz #PDF1 #IARTG #Bookboost https://t.co/qINCbqSQFw",1.3113085681262019e+18
37,2020-09-30 14:18:36,CoolDealCA,"💲💰
LZHome 9,000-Lumen LED Garage ...
Reduced from $61 to $41
Coupon code: 2015A8KQ

# #Deals #new #Deals #savings #Amazon  #Deal #ganga

 https://t.co/SWVIEuuzRx https://t.co/JmivkZkAKe",1.3113094735925453e+18
38,2020-09-30 14:15:18,CoolDealCA,"Wahl Cordless Beard and Mustache Trimmer for $17.99!! (Retail: $34.99)

#freebies #deals #deal #moneysaver #greatdeal #steals #discount #sale #bargain #bargainhunter #bargainshopper #cheap #bestprice #Amazon  #Deals #giveaway #Deal #ganga

 https://t.co/DcVWeP70ot https://t.co/zP35Y5YsdC",1.3113086451881492e+18
39,2020-09-30 14:20:09,kirsikkalar,#payments : #Amazon has unveiled #technology that lets shoppers at physical stores pay for their purchases by scanning the palm of their hands. #retailbanking  https://t.co/XLZ4sAdm7p,1.3113098670476739e+18
40,2020-09-30 14:13:58,chollosyoferta,"#Chollo #Amazon 75% DESCUENTO Muse M 28 RDW   Radio (reproductor CD, USB, pantalla LCD), blanco

Precio original: 49,9
Precio oferta: 45,7
Reacondicionado: 12,39

    👇👇👇👇👇👇👇
👉 https://t.co/EFkr6UuoLs https://t.co/xRF1iGJ4NU",1.311308309006295e+18
41,2020-09-30 14:17:16,PrintPackGo,"https://t.co/TYE6wZPcTD

#aonepack #pouches #boxes #rigidboxes #corrugated #monocartons #brownboxes #bangalore #packaging #design #chocolateboxes #amazon #flipkart",1.3113091392352748e+18
42,2020-09-30 14:18:36,Designcreateall,世の中には完璧な案など存在しない。どんな案にも、どんな企画にも、かならず「弱み」「リスク」がある。案を理解しようとするときには、この「弱み」がどこにあるのかに注目し、かならず把握する。（野口恭平） #amazon #design #brand,1.3113094763900764e+18
43,2020-09-30 14:19:15,KeChollos,"The North Face Shinsky Beanie Gorro, Unisex Adulto 
#Amazon #ofertas #chollo #chollos #Ropa #Invierno #Gorro #TheNorthFace

💵Precio: 9.24€ (69%)
🚚Envío: GRATIS
https://t.co/Qfy5ZCPnsp",1.3113096396493169e+18
44,2020-09-30 14:12:40,chollosyoferta,"#Chollo #Amazon 55% DESCUENTO Air and Me Rohan   Deshumidificador de aire conectado, 750 W, 7 litros

Precio oferta: 574,45
Reacondicionado: 256,49

    👇👇👇👇👇👇👇
👉 https://t.co/qzW6r4KNv1 https://t.co/vmWlwX8HyL",1.311307983834493e+18
45,2020-09-30 14:19:08,ykswld,シナモロール 前髪クリップ...今売れています！https://t.co/ODAWqIffC2 #follow #sougo #Amazon #アマゾン,1.3113096112621855e+18
46,2020-09-30 14:18:30,TheInStockRoom,"***New Deal***
LZHome 9,000-Lumen LED Garage ...
Reduced from $61 to $41
Coupon code: 2015A8KQ
https://t.co/Cmg28LzWHS
#Deals #newDeals #savings #Amazon https://t.co/BJltpBY5ta",1.3113094482170102e+18
47,2020-09-30 14:16:39,slr8,Help me #win @DBReynoldsWrite great  #Amazon #giveaway by sharing! I appreciate it! @FreshFiction #FreshFictionContest https://t.co/k7LN3pHY46,1.3113089826576138e+18
48,2020-09-30 14:20:10,OfertacularRL,"‼️VAYA GANGA‼️ 👁‍🗨 #cholloshot #Amazon #chollo #oferta #ganga

⚫️ Silla de paseo Safety 1st Urban Trek  

🛒: ➡️ https://t.co/aPauAFS7nX ⬅️

🟢 https://t.co/SdTO2TTDka https://t.co/tDvuDAdIjv",1.3113098693671322e+18
49,2020-09-30 14:19:01,sungaitofficial,"Honestly, I like to feel his eyes on me when I look away.
.
.
.
.
.
.
#Glasses #glassesgirl #glassesfashion #trends #Trending #fashiondesigner #fashionblog #fashionblogger #style #dailywear #eyewear #sungait #Online #Amazon #amazonfinds https://t.co/PyCjm3GigN",1.311309581172179e+18
,date,screen_name,tweet,tweet_id
0,2020-09-30 14:12:14,kirituki,"心が汚れちまった俺の涙に共感したヤツ全員RT
#amazon #Alexa
#echoshow
#Amazonプライムビデオ 
#アレクサ
#夜の体操 https://t.co/LbHMT0SdN4",1.3113078742666117e+18
1,2020-09-30 14:06:18,GbkhelloHello,"News via gbkdev: Get ready for new experiences with new Amazon Explore option!  This is a new way of selling goods and services. Check out what's so great about it: https://t.co/X1xvOTrd70
#amazon #marketplace #CustomerService #CustomerExperience #TechNews #BreakingNews #develo…",1.3113063814971187e+18
2,2020-09-30 14:09:33,chollodescuento,"CHOLLOS y DESCUENTOS ⁣FLASH Pack 2 Gamepad Bluetooth, Izquierdo y Derecho, para Nintendo Switch, por 29,88€ #Amazon Enlace: https://t.co/nYkLKE3bH2 Código: No necesita Visto: https://t.co/tssN0NBD8Q https://t.co/lbGdyARNjF https://t.co/9wzYOmKgmq ChollosyDescuentos - Descuent…",1.3113071969537024e+18
3,2020-09-30 14:11:13,SusanOttevanger,The Cheeky Panda Plastic Free Toilet Tissue - Pack of 9 rolls https://t.co/27QjdSLaMU #Amazon,1.3113076153395569e+18
4,2020-09-30 14:11:44,rakten_kaden_,"09/30 23:11

炊飯器 1升 アイリスオーヤマ 炊飯器 10合 I
【楽天】11800円
【Amazon】12400円

★楽天で購入すると★
 600円 お得（お得率5％）

↓お得な情報を一覧で確認出来るサイト
https://t.co/kMQYxgL6Rh

#楽天市場 #Amazon #お得 #せどり https://t.co/tNWJRsHXph",1.3113077469611008e+18
5,2020-09-30 14:08:46,rshifflet,"@GooglePlay Every app in #Google store is listed as not optimized for my device?

Has #EU asked about this?

If this was a Chrome-type device, would that remain the case?

How COULD a developer offer an #app for a hi-end #tablet in 2021 or even 2022?

Who other than #Amazon Fire?",1.3113070021701796e+18
6,2020-09-30 14:12:30,hispachollos,"🌀 Monix Manila - Set de 24 piezas de acero inox 18/10 con chuletero, color gris (6 comensales). #Amazon 🇪🇸

🔘 Cuberteria de gran calidad!

💶 Precio oferta: 22,99€ 💥 (PVP normal: 31,13€)

💳 Enlace: https://t.co/cWelkJRupN

✨ 30 días g ...
https://t.co/BeJgtjMqki
#chollo",1.3113079403227382e+18
7,2020-09-30 14:06:36,creativemm12,"👉https://t.co/wJtv5gdp7J #amazon👈
💯👉Auto Follower👈💯
💯👉#自動相互フォロー👈💯

#相互リツイート
#Bad #Bunny #Crocs
#Tottenham #vs #Chelsea
#Mac #Davis
#TeamFollowBack
#RT企画
#autofollower
#500ADay
#相互リツイート
#相互RT
#bts
#seventeen",1.3113064561807729e+18
8,2020-09-30 14:10:17,noizylady,"#Amazon
Save 50% on [2020 New Version] Switch Controller for Nintendo
$16.49 with code: 50SRWWT9
End: 10/12/2020
https://t.co/eXfZKc2lhy

#AD #PrimeDay #Sale #Deals #Discounts #Prime #DealoftheDay #amazondeals",1.311307380722987e+18
9,2020-09-30 14:06:56,VfGoaBCrLiInilf,"見逃した映画を一気に見る！
 #映画 #Amazon #プライムビデオ
 https://t.co/3Zpk4aibXU",1.31130653913992e+18
10,2020-09-30 14:11:07,phoenixfire2010,"#author #fiction #shortstory #Christmas #Amazon #Kindle #KindleUnlimited 

https://t.co/LD6u3ebikw",1.311307593390973e+18
11,2020-09-30 14:12:00,Haidji,Watch  this #bookquote #challenge on #tiktok - Click on  https://t.co/CbCIlILvpT  #quoteoftheday  #books #quotes #bookquotechallenge  #tiktokquotes #Haidji #booklover #bookstagram #dailyquote #amazon #quote #reading #tiktokbooks #read #BookBlast #bookboost #justdoit  #Book,1.3113078132982784e+18
12,2020-09-30 14:10:13,CoolDealCA,"TCL Alto 5 2.0 Channel Home Theater Sound Bar for $59.99!! (Retail: $79.99)

#freebies #deals #deal #moneysaver #greatdeal #steals #discount #sale #bargain #bargainhunter #cheap #bestprice #Amazon  #Deals #giveaway #Deal #ganga

 https://t.co/es80RFJELv https://t.co/XGEkJCwAWU",1.3113073658541793e+18
13,2020-09-30 14:11:55,ChekTek,"Hurry up #Newegg! #Amazon got everything else here overnight, but I need that #RAM.",1.3113077934760018e+18
14,2020-09-30 14:08:41,kingston_jael,When Buying A $17.99 Synthetic Wig On Amazon Goes Wrong! https://t.co/k3t0vjYBAe via @YouTube #SEIKEA 28inches #ombreblue #wavy #syntheticwig that I bought on #Amazon #syntheticwigs #humpday #humpdayvibes #humpdaymotivation Wearing #EVILTWIN from @toofaced #toofacedcosmetics,1.3113069811399393e+18
15,2020-09-30 14:08:34,noizylady,"#Amazon
Save 80% on DEJUN Building Blocks Tiles Construction and Connect Toy Sets, Interlocking Solid for Preschool Toddlers
$14.00 with code: 80P25G7Q
End: 10/05/2020
https://t.co/G3xjwwoHtU

#AD #PrimeDay #Sale #Deals #Discounts #Prime #DealoftheDay #amazondeals #xmas2020 #xmas",1.3113069522538086e+18
16,2020-09-30 14:07:41,obtener,"The #Lincoln Douglas debates helped awaken the nation’s conscience. 
Candidate Lincoln
#nook https://t.co/QMwCAs6gev 
#iBooks https://t.co/vUa2XHOBxw 
#Amazon https://t.co/aBWJKn8CHv
#Google Play https://t.co/sgmoWWXDuY
#Smashwords: https://t.co/QAV1y7QExU
#HistoricalFiction https://t.co/zvG7L5g82P",1.311306729892778e+18
17,2020-09-30 14:06:44,noizylady,"#Amazon
Save 80% on Christmas Printing Tee Shirts Casual Plaid Raglan Long Sleeve Santa Claus Cute Reindeer Tops S-XXL
$11.50 with code: 80L8KJIQ
End: 10/09/2020
https://t.co/ceSkAWMlgm

#AD #PrimeDay #Sale #Deals #Discounts #Prime #DealoftheDay #amazondeals #xmas2020 #xmas",1.311306490712658e+18
18,2020-09-30 14:07:09,noizylady,"#Amazon
Save:$11.29 (38%) on Emergency Hand Crank Self Powered AM/FM NOAA Solar Weather Radio with LED Flashlight, Emergency Power Bank for iPhone
List Price$29.90With Deal:$18.61
https://t.co/ErY47m7jaI

#AD #PrimeDay #Sale #Deals #Discounts #Prime #DealoftheDay #amazondeals",1.3113065928187822e+18
19,2020-09-30 14:10:14,CoolDealCA,"Best Selling TP- N300 WiFi Extender only $19.99!!

#freebies #deals #deal #moneysaver #greatdeal #steals #discount #sale #bargain #bargainshopper #cheap #bestprice #Amazon  #Deals #giveaway #Deal #ganga

 https://t.co/hRaWF9qksU https://t.co/4ylQX7KfA1",1.3113073684714414e+18
20,2020-09-30 14:12:35,XperienceDope,"Blasting 2Pac, Kurupt, Butch Cassidy - Picture Me Rollin (Club) right now on Pretty Dope Xperience Radio aka #BlackPandora

listen now and catch a wave!! https://t.co/VqKFopeoex  #nowplaying #np #RT  #NowStreaming #Streema Download Now #Alexa #GooglePlay #iOSAppStore #Amazon #",1.3113079593900892e+18
21,2020-09-30 14:06:36,CoolDealCA,"💲💰
Mountain Dew Game Fuel 3-Flavo...
Reduced from $22 to $18 for Prime members

# #Deals #new #Deals #savings #Amazon  #Deal #ganga

 https://t.co/blYmWMLa69 https://t.co/TbLMvHWmE1",1.3113064546248827e+18
22,2020-09-30 14:06:30,TheInStockRoom,"***New Deal***
Mountain Dew Game Fuel 3-Flavo...
Reduced from $22 to $18 for Prime members
https://t.co/lG1a8zXu9U
#Deals #newDeals #savings #Amazon https://t.co/1A5d4RnY0B",1.3113064296939397e+18
23,2020-09-30 14:09:17,genkaihounyo,"【よろしければ管理人にプレゼントをお願いします】
https://t.co/dp3BXtv6To
#amazon #欲しいものリスト",1.311307131576959e+18
24,2020-09-30 14:12:27,Calli_stta,"Sur le blog j'ai une page ""Produits"" ou je vous mets les liens #amazon de ce que j’utilise. Il y a des articles sur le blog pour certains produits également. https://t.co/tqVk1uxUOt ce sont des liens d'affiliations.",1.3113079265655235e+18
25,2020-09-30 14:06:32,B1Ihg1,"Amazonほしい物リストを一緒に編集しましょう 

https://t.co/Kkx9hcKJ8Z #Amazon",1.311306438770176e+18
26,2020-09-30 14:11:10,SolTaylorRdL,"👠 Chica sexy no busca ex 👠

Secretos por descubrir y un amor ¿con una segunda oportunidad?

Léelo aquí 👉 https://t.co/OLmvTAuY6K

#kindle #KindleUnlimited #Amazon #romance #romantica #comedia #leer #eBooks #comediaromantica #novela #IARTG #ASMSG https://t.co/HaoXqYlh70",1.3113076055544586e+18
27,2020-09-30 14:07:03,alpho_trading,"Amazon announced the launch of a climate-friendly program 🌱

The program should help costumers shop more sustainable ♻️

The company's goal is to be net carbon neutral by 2040 🍃

One big step to make it is to invest to buy 100,000 electric delivery vehicles 🚐

#Alpho #Amazon https://t.co/Htac2uofnh",1.3113065700395213e+18
28,2020-09-30 14:12:29,phoenixfire2010,"#author #travel local #history #media #journalist #Amazon #Kindle #KindleUnlimited 

https://t.co/V3oW0LPXbr",1.3113079355664425e+18
29,2020-09-30 14:09:22,panapanamama,"安直に真似するのでなく、取り込んでいきたい。カウンセリング初心者は真似しちゃだめな気がする

あなたのカウンセリングがみるみる変わる! 感情を癒す実践メソッド https://t.co/AC7uRJr7lP #Amazon",1.3113071518019502e+18
30,2020-09-30 14:10:09,JLCAuthor,If you have read #One? please do a little review on #Amazon or #goodreads: https://t.co/35ha3z7QWu #amwriting #fiction #contemporaryfiction #123trilogy ❤️😘 🇬🇧 https://t.co/TutFSpQfRf  🇺🇸https://t.co/pRagmZawok,1.311307347877417e+18
31,2020-09-30 14:11:59,MariahNow,"#TheMeaningOfMariahCarey já está esgotado na #Amazon dos #USA. O livro, que foi lançado ontem, terá nova  reposição no estoque a partir do dia 10 de outubro, pois vendeu mais que o esperado.

Fonte: @chartmariah 

#MC #MariahCarey #Lambily #M30 #Lamb4life https://t.co/3XhPYU7Ncx",1.3113078082524938e+18
32,2020-09-30 14:10:12,DataMaptools,Need to connect #WooCommerce #Shopify or #Amazon to #Sage100 #Sage100cloud #Sage500 or #SageX3? Learn how at https://t.co/fyvWMvlcqi https://t.co/LdiMUmm3fF,1.3113073607999488e+18
33,2020-09-30 14:11:50,noizylady,"#Amazon
Save 50% on Baby Girls Shoes Pu Leather Hard Bottom Walking Sneakers Toddler Rubber Sole First Walkers Infant Cartoon Slippers
$7.99 with code: 50L6DBSX
End: 09/30/2020
https://t.co/m4g8M1m0wu

#AD #PrimeDay #Sale #Deals #Discounts #Prime #DealoftheDay #AmazonDeals",1.3113077711203205e+18
34,2020-09-30 14:08:36,XperienceDope,"Blasting Grand Puba - 360 (What Goes Around) (Dirty) right now on Pretty Dope Xperience Radio aka #BlackPandora

listen now and catch a wave!! https://t.co/VqKFopeoex  #nowplaying #np #RT  #NowStreaming #Streema Download Now #Alexa #GooglePlay #iOSAppStore #Amazon #",1.3113069593212068e+18
35,2020-09-30 14:07:05,RoMemoria,"El gran #Escritor Salvador Sparti, @Sparti941 #Reseña MEMORIA DEL PARAÍSO, de Juan Sevillano, @RoMemoria. Disponible en #Amazon : Papel: https://t.co/hw7QMvQeza  #Kindle: https://t.co/yuGc7wF8dp  @EmmaSanse https://t.co/FFW2Uh5Icr",1.3113065758610883e+18
36,2020-09-30 14:11:04,CaminoaNumenor,"#Amazon #Tolkien | Ante el rumor de que #Tauriel (Evangeline Lilly) podría volver a la Tierra Media...

Vos ¿de qué lado estás?

👉 @Enric_torres",1.3113075809002865e+18
37,2020-09-30 14:06:44,rakten_kaden_,"09/30 23:06

シャープ【SHARP】空気清浄機 FU-J50-W
【楽天】18680円
【Amazon】19770円

★楽天で購入すると★
 1090円 お得（お得率6％）

↓お得な情報を一覧で確認出来るサイト
https://t.co/kMQYxgL6Rh

#楽天市場 #Amazon #お得 #せどり https://t.co/wsHh7wXcls",1.311306487151489e+18
38,2020-09-30 14:09:23,MzVeCe,"Download a FREE copy! Please leave your review #Amazon #AmazonDeals #KindleUnlimited #kindle #teachers #librarytwitter #bookreviews #booklovers 
@KidsBookReview @toppsta @pbooksblogger @booksfortopics @ImogenRW @TheBookMaven @Essence @serenawilliams @parentsmagazine https://t.co/yO7rZiKTXh",1.3113071544402862e+18
39,2020-09-30 14:10:23,TheRealChucksta,"@NorsemenO Can't you see if #Amazon will take #Norsemen on. #JeffBezos saved #TheExpanse, he can save some Norwegian vikings, too!

I need to watch you lot in more things. You're great. I just started watching Lillyhammer. OMFG, it's great!",1.3113074081201234e+18
40,2020-09-30 14:11:05,skybeansmusic,"IN THE LIFE https://t.co/A0g5U0dNAm #Amazon

今これ聴いてます♪",1.3113075818522706e+18
41,2020-09-30 14:10:03,DebraUllrick,#Spellbinding! FOREWARNED https://t.co/7YQSzo21ot #romance #Amazon #Christianfiction,1.3113073243935007e+18
42,2020-09-30 14:09:44,ameliamcotter,"@bl98 Happy almost October, everyone! 🎃🍂🍁 My #spooky #books for children and adults can be found on #Amazon, Barnes &amp; Noble, and #Goodreads, and my #website is https://t.co/bYYbrzMw24 👻 Wishing much success to all 🖤 #amwriting #writer #writers #WritingCommunity #writerlift",1.3113072457837896e+18
43,2020-09-30 14:07:16,RightRoyalRabbl,Join me in asking @FP_Champagne not to reward the destruction of the #Amazon! 🔥🔥 Immediately halt the Canada-Mercosur free trade deal &gt;&gt; #ActForAmazon #ClimateAction @GreenpeaceCA https://t.co/Me1Tnxr8R1,1.3113066237054444e+18
44,2020-09-30 14:11:17,VideoGourmet,Neue Fire TV Sticks von Amazon Amazon hat seine Fire TV Sticks runderneuert.... https://t.co/i1JiXrSPQ6 #Alexa #Amazon #Disney,1.3113076350026834e+18
45,2020-09-30 14:11:57,mami11191,"ご希望があったのでまたたくさん追加した🥺🙏🏻
しおんの活動支援求みます💫
 https://t.co/1GsI0KAzGI #Amazon",1.3113078010172006e+18
46,2020-09-30 14:09:52,noizylady,"#Amazon
Save 20% on GUB Bicycle &amp; Motorcycle Phone Mount
$14.68 with code: 20GUBMOUNT &amp; clip $2.00 extra savings coupon
End: 10/02/2020
https://t.co/wu6dWTtMYE

#AD #PrimeDay #Sale #Deals #Discounts #Prime #DealoftheDay #amazondeals",1.3113072788727276e+18
47,2020-09-30 14:12:22,miumiuMH,"コピーに偽りなし❣️ある受刑者を救った渾身の１冊です(๑&gt;◡&lt;๑)
#ひすいこたろう

ものの見方検定――「最悪」は0.1秒で
「最高」にできる! https://t.co/iO7LK2BqKC… #Amazon",1.3113079085928038e+18
48,2020-09-30 14:07:19,UNI_Europa,"""#Amazon has led the raid on workers’ rights"" -@ORoethig 

Now it is ramping up its espionage operations. Its abuses call for special attention. It is time for the EU to act.
https://t.co/V7DaopGeiu",1.3113066345311355e+18
49,2020-09-30 14:09:27,noizylady,"#Amazon
Save 50% on LERWAY Brass Garden Hose Splitter 2 Way Y Faucet Splitter
$7.99 with code: 50QV92CK
End: 09/30/2020
https://t.co/SOnqJPPfdA

#AD #PrimeDay #Sale #Deals #Discounts #Prime #DealoftheDay #amazondeals",1.3113071713852826e+18
,date,screen_name,tweet,tweet_id
0,2020-09-30 14:04:33,WLoveWildlife,Wolves of Eden: A Novel https://t.co/4XyhEE1EC1 #wolves #deals #amazon https://t.co/FUxRju2jAd,1.3113059382136422e+18
1,2020-09-30 14:05:11,kana_ogawa,"【キッズDVD】ベスト10
KIDS HDリマスター [Blu-ray]
https://t.co/ta2lAofarv #Amazon",1.3113060983982285e+18
2,2020-09-30 14:05:00,kana_ogawa,"【キッズDVD】ベスト10
アナと雪の女王２ [DVD]
https://t.co/tnFvUbTPSS #Amazon",1.311306054295122e+18
3,2020-09-30 14:05:05,JARios_autor,"AUTORES INDIE A.B. informa:
YA DISPONIBLE: RÉQUIEM A LA DAMA DE CASTRO de la autora Sonia Domingo en su formato DIGITAL y papel en la plataforma #Amazon 
@MagdaDJG

@ADVANCEBOOKS777

@JARios_autor

https://t.co/8WOFQGbgRN https://t.co/jS1SZBM9VS",1.3113060734674903e+18
4,2020-09-30 14:05:21,kana_ogawa,"【キッズDVD】ベスト10
トムとジェリー DVD 5枚セット 【字幕・音声：日本語あり】 ／ 1枚9話 全45話
https://t.co/q7zckCsGG1 #Amazon",1.3113061424384492e+18
5,2020-09-30 14:02:00,mokanosuke11,"新型コロナウイルス感染拡大だからネットで買い物

ダイソン 空気清浄機能付 ファンヒーター 

#都内 #厚生労働省 #感染 #消毒 #新型 #コロナウイルス #非常事態宣言 #ステイホーム #Amazon #アマゾン #ダイソン #Dyson #空気清浄機 #ファンヒーター https://t.co/GPTLgORVw3",1.311305297051431e+18
6,2020-09-30 14:04:57,reviewzbyjewelz,#Win a #free $50 #Amazon #BookTour #Giveaway #BookBoost #MiddleGrade #YA #Fantasy #DragonManSeries @tedlazar https://t.co/h8QZq5TbLA,1.3113060406553477e+18
7,2020-09-30 14:03:51,SavingsBeagle,Enjoy 3 Months of Amazon Music Unlimited - 4 Months for Prime Members - for Only $0.99 - New Subscribers - https://t.co/Uc3FPvLLht #music #streaming #Amazon #AmazonPrime #Entertainment #podcasts,1.3113057652280238e+18
8,2020-09-30 14:05:16,CoolDealCA,"Smart WiFi Outlet 4-Pack now $19.54!!

#freebies #deals #deal #moneysaver #greatdeal #steals #discount #sale #bargain #bargainhunter #cheap #bestprice #Amazon  #Deals #giveaway #Deal #ganga

 https://t.co/kiuz16Y53S https://t.co/kGwCBrgf1q",1.3113061201039565e+18
9,2020-09-30 14:05:05,ADVANCEBOOKS777,"AUTORES INDIE A.B. informa:
YA DISPONIBLE: RÉQUIEM A LA DAMA DE CASTRO de la autora Sonia Domingo en su formato DIGITAL y papel en la plataforma #Amazon 
@MagdaDJG

@ADVANCEBOOKS777

@JARios_autor

https://t.co/Zokw8D5gbL https://t.co/l2XQ6IWTsc",1.3113060735429222e+18
10,2020-09-30 14:03:28,creativemm12,"👉https://t.co/0SpDKQYZEb #amazon👈
💯👉Auto Follower👈💯
💯👉#自動相互フォロー👈💯

#固定ツイートRT
#MLB
#Eric #Trump
#Roe #v. #Wade
#followtrick
#autofollower
#相互RT
#1000ADay
#FollowBack
#固定ツイートRT
#TFB
#フォロバ100パーセント",1.311305666120704e+18
11,2020-09-30 14:05:05,MagdaDJG,"AUTORES INDIE A.B. informa:
YA DISPONIBLE: RÉQUIEM A LA DAMA DE CASTRO de la autora Sonia Domingo en su formato DIGITAL y papel en la plataforma #Amazon 
@MagdaDJG

@ADVANCEBOOKS777

@JARios_autor

https://t.co/s3Gs1rowfK https://t.co/o1sApNBKM8",1.3113060735094415e+18
12,2020-09-30 14:05:06,mofitzp100,#Blockchain #Webinar #Dataart #Amazon https://t.co/Z5hFq4hahv https://t.co/1W8YiSS3by,1.311306078957822e+18
13,2020-09-30 14:03:16,noizylady,"#Amazon
Save 80% on Mini Chandelier, Crystal Chandelier Lighting, 2 Lights, 40W
$42.00 with code: 80BX3P88
End: 10/10/2020
https://t.co/wPLRhjAkG2

#AD #PrimeDay #Sale #Deals #Discounts #Prime #DealoftheDay #AmazonDeals",1.3113056163428803e+18
14,2020-09-30 14:05:06,kana_ogawa,"【キッズDVD】ベスト10
アラジン MovieNEX [ブルーレイ+DVD+デジタルコピー+MovieNEXワールド] [Blu-ray]
https://t.co/0uRv9nYCVq #Amazon",1.3113060763656274e+18
15,2020-09-30 14:02:27,RShikudofukato,"Last Chance! Would you like to win a $50 Amazon Gift Card or PayPal Deposit? Check out this easy entry Gleam giveaway for a chance to #WIN

Open Worldwide

@GooseGiveaways #wingiftcard #wincash #amazon #paypal #winmoney #sweepstakes #giveaways https://t.co/MxQKbuc6ne",1.311305409219588e+18
16,2020-09-30 14:02:40,noizylady,"#Amazon
Save 80% on Skateboard 4 Wheels Decks 31""x8"" Skate Board Maple Wood Longboards for Teens Adults Beginners Girls Boys
$43.20 with code: 80QZKEH5
End: 10/10/2020
https://t.co/8SZ0CwPJs2

#AD #PrimeDay #Sale #Deals #Discounts #Prime #DealoftheDay #amazondeals #xmas2020 #xmas",1.3113054670214554e+18
17,2020-09-30 14:03:30,ky0314,"うさぎの着ぐるみって思ったより安いんだな。

ジグ アニマル着ぐるみシリーズ うさぎのラビちゃん https://t.co/Ff6fZu8vTk #Amazon",1.311305674232529e+18
18,2020-09-30 14:06:12,OfertacularRL,"‼️AFEITADO TOP‼️ 👁‍🗨 #Ofertacular #Amazon #chollo #oferta #ganga

⚫️ BIC Flex3 Hybrid Kit de Maquinillas para Hombre - Paquete de 2 Mangos y 8 Recambios

🛒: ➡️ https://t.co/Yk3jdJEwHe ⬅️ https://t.co/1K8cD87lS0",1.311306353449853e+18
19,2020-09-30 14:02:37,SandySkrovan,#Amazon Live hosts preview the best #PrimeDay deals on Countdown to Prime Day. Check it out. Prime Day is Oct 13-14 this year. #ecommerce https://t.co/o07GjUtdve,1.3113054542707753e+18
20,2020-09-30 14:04:41,noizylady,"#Amazon
Save 50% on Reusable Magnetic Eyelashes
$12.99 with code: 50I1S97S
End: 10/02/2020
https://t.co/EAGjJSdzTf

#AD #PrimeDay #Sale #Deals #Discounts #Prime #DealoftheDay #amazondeals",1.3113059735255572e+18
21,2020-09-30 14:05:15,Data_ethics,"It’s “designed with privacy first,” the company said, but some digital security and privacy experts raised concerns about the potential implications of the device.

#Ring #Amazon #Drone #Privacy

https://t.co/qp2lIq0vSt",1.3113061143157514e+18
22,2020-09-30 14:05:42,kana_ogawa,"【キッズDVD】ベスト10
映画ドラえもん 新・のび太と鉄人兵団~はばたけ 天使たち~[映画ドラえもんスーパープライス商品] [DVD]
https://t.co/2HaDPwdvUz #Amazon",1.3113062303426273e+18
23,2020-09-30 14:05:21,Zehub,"#Amazon : ses #entrepôts #robotisés battent des #records... de #salariés #blessés 

https://t.co/Sbqi3HJ7uq https://t.co/TkAmWdO1GA",1.3113061424258335e+18
24,2020-09-30 14:05:21,TheInStockRoom,"***New Deal***
Prime Members: Spend $10 at Am...
New price $10.00
https://t.co/Z334KDKy7C
#Deals #newDeals #Discounts #Amazon https://t.co/HHUuJm5mou",1.3113061415955087e+18
25,2020-09-30 14:05:48,kana_ogawa,"【キッズDVD】ベスト10
ボス・ベイビー [AmazonDVDコレクション]
https://t.co/Ov6XJfXXxs #Amazon",1.3113062523081974e+18
26,2020-09-30 14:05:15,noizylady,"#Amazon
Save 80% on 2020 Women Casual Christmas Printing Plaid Raglan Long Sleeve Shirts O-Neck Holiday Blouse Tops S-XXL
$10.59 with code: 80MJLKGH
End: 10/09/2020
https://t.co/YtD3EkjvgS

#AD #PrimeDay #Sale #Deals #Discounts #Prime #DealoftheDay #amazondeals #xmas2020 #xmas",1.3113061171049636e+18
27,2020-09-30 14:06:00,Trisha_McNary,"#Read #supernatural and more #ebooks #FREE:
#sciencefiction #supernaturalromance #ebook #readers #amazonUK #amazon #ebookdeals #KDP #kindle #iartg #kindlebooks #SupportIA #goodreads #ADP #freebooks #freestory #adventure #paranormal #kindleunlimited

CLICK🡺https://t.co/i7q9JoUeXG https://t.co/cTVn73Fpxs",1.3113063032356536e+18
28,2020-09-30 14:05:16,kana_ogawa,"【キッズDVD】ベスト10
パウ・パトロール でんせつのだいかいぞくあらわる [DVD]
https://t.co/BhRH4GFj0H #Amazon",1.3113061204854292e+18
29,2020-09-30 14:01:57,BoundaryExcept,"""Teardrops on a Blank Page"" album is available on:
- #iTunes store: https://t.co/9HwfE72Eyb
- #Amazon store: https://t.co/mHiNn52HxU",1.311305284648829e+18
30,2020-09-30 14:02:46,takuya096,"@shiorixoxox こちらです🙆‍♂️
Homesuit NP-W126/ NP-W126S... https://t.co/XdCZUdD1bt #Amazon",1.3113054918347448e+18
31,2020-09-30 14:03:25,hispachollos,"🌀 L'Oreal Paris Dermo Expertise - Revitalift contorno de ojos antiarrugas con Pro-Retinol, 15 ml. #Amazon 🇪🇸

💶 Precio oferta: 7,92€ 💥 (PVP normal: 9,9€)

💳 Enlace: https://t.co/2LW6DcxSfG

✨ 30 días gratis de Amazon Music Unlimited  ...
https://t.co/gpu0YYmZON
#chollo",1.3113056550479258e+18
32,2020-09-30 14:03:49,noizylady,"#Amazon
Save 80% Women's Watch Easy to Read Quartz Analog Leather Strap Starry Dial Bracelet Watch for Girls
$6.00 with code: 808NWHK8
End: 10/10/2020
https://t.co/cGAUMwSSbn

#AD #PrimeDay #Sale #Deals #Discounts #Prime #DealoftheDay #amazondeals",1.3113057543522017e+18
33,2020-09-30 14:02:10,BwcDeals,"Amazon's Big Fall Sale is here!!! 

https://t.co/ilO2jIh5Cm

#BwcDeals #Amazon #stealsanddeals #Deals #dailydeals #RespectForTeachers #DealsAndSteals https://t.co/WLik699gz3",1.3113053393844265e+18
34,2020-09-30 14:03:16,INTsushinsha,"『信頼が絆を生む不動産投資: 片手に理想、片手にそろばんを――超堅実経営で不動産業界の常識を変えるAZESTグループの知的戦略』Kindle版
https://t.co/Z4CLxEY8gY
いま注目の「下町戦略」で大躍進！不動産投資を考えるなら「住みたい街」より「住みやすい街」。 #Kindle #Amazon #電子ブック",1.3113056143965143e+18
35,2020-09-30 14:04:55,avee_dan,"Check out my new album ""Pandemic"" distributed by @DistroKid and live on Amazon! https://t.co/Lrdtx5V2LY #amazon #pandemic #aveedan",1.3113060317172572e+18
36,2020-09-30 14:05:32,kana_ogawa,"【キッズDVD】ベスト10
モアナと伝説の海 MovieNEX [ブルーレイ+DVD+デジタルコピー(クラウド対応)+MovieNEXワールド] [Blu-ray]
https://t.co/FoG0j70oyG #Amazon",1.3113061864450826e+18
37,2020-09-30 14:05:37,kana_ogawa,"【キッズDVD】ベスト10
それいけ!アンパンマン ザ・ベスト みんなだいすき!アンパンマン [DVD]
https://t.co/J7wqJClaEd #Amazon",1.3113062083812884e+18
38,2020-09-30 14:04:17,simonrraseley,"In this clip I didn't record the wake word, so folks can watch my videos without their phone blowing up #LOL #googlehome #amazon #alexa #google #chromecast @ Albion College https://t.co/DFKiEVJazZ",1.3113058730676593e+18
39,2020-09-30 14:02:16,kizna_t,"海外では「#Amazon」から「#PS5予約」競争を勝ち抜いた方へ発売に届けられない旨のメールが送られているそうですわ(´Д｀。)
「Amazon」は色々と革新的な事を行っている割に自動購入ツールなどの対策はいつまで経っても行わないませんのね。
#PlayStation5 #PS5 #SIE https://t.co/oD5zTSUNZ0",1.311305366844502e+18
40,2020-09-30 14:03:54,don_crisse,"Beställde spel från CDON den 23/9. Stod att ber. leveranstid var 5-10 arbetsdagar. Utgick från att det var ngn sorts ""friskrivning"" e.d., för 10 dagar!? Idag har 5 dagar passerat &amp; inget spel. #amazon #cdon #goliat #ingenDavid",1.3113057762464645e+18
41,2020-09-30 14:05:44,noizylady,"#Amazon
Save 55% on HOKirin Herb Grinder,4 Piece 2.5” Mechanical Sound Spice Grinder with Magnetic Lid
$10.80 with code: 55F3ZXYQ
End: 10/05/2020
https://t.co/9jNUpdmEUx

#AD #PrimeDay #Sale #Deals #Discounts #Prime #DealoftheDay #AmazonDeals",1.3113062354557133e+18
42,2020-09-30 14:05:09,ntsoni_group,Amazon One Turns Your Palm into a Contactless Credit Card ~ https://t.co/abNZ7jXrVs #Amazon #Technology #Payment via @DigitalTrends https://t.co/GX0GDYB9ki,1.3113060919308124e+18
43,2020-09-30 14:04:16,simonrraseley,"📹 In this clip I didn’t record the wake word, so folks can watch my videos without their phone blowing up #LOL #googlehome #amazon #alexa #google #chromecast (at Albion College) https://t.co/fwOYZEjfSe https://t.co/jhFDueVbfG",1.3113058667428454e+18
44,2020-09-30 14:05:27,kana_ogawa,"【キッズDVD】ベスト10
トムとジェリー どどーんと32話 てんこもりパック Vol.4 [DVD]
https://t.co/T0uIR3YIAx #Amazon",1.311306164441809e+18
45,2020-09-30 14:03:06,amzn_deals_us,"https://t.co/7hJq21TRhk Webcam, Webcam with Microphone, USB Webcam with 3D Denoising and Automatic Gain, 1080p Webcam for Video Calling, Online Classes and Video Conference #Amazon #Deal https://t.co/omMyyVPFIz",1.3113055740599992e+18
46,2020-09-30 14:05:15,CoolDealCA,"Best Selling Blackout Curtains only $15.99!!

#freebies #deals #deal #moneysaver #greatdeal #steals #discount #sale #bargain #bargainhunter #cheap #bestprice #Amazon  #Deals #giveaway #Deal #ganga

 https://t.co/p9RKPPzZJ7 https://t.co/pAuhm4JFok",1.3113061173525094e+18
47,2020-09-30 14:05:53,Goldenlogos1,"Do you #need #product #packaging #design for your #business, #company #website,, #hospital, , #shop and #ebay #amazon , #shopify store or any other purposes. Here is the best seller on #fiverr Now you are in right place....

https://t.co/pKN4dOs20T",1.311306276777853e+18
48,2020-09-30 14:04:20,XperienceDope,"Blasting Mariah Carey - Always Be My Baby right now on Pretty Dope Xperience Radio aka #BlackPandora

listen now and catch a wave!! https://t.co/VqKFopeoex  #nowplaying #np #RT  #NowStreaming #Streema Download Now #Alexa #GooglePlay #iOSAppStore #Amazon #",1.3113058851642286e+18
49,2020-09-30 14:02:36,wa_pico,"皆良い演技する。手話を習わせたのは実の母親とのコミュニケーションの為だったとは。
いつか先に自分は居なくなる。こけたときも一人で立ち上がれるようにね。ここぞというとき逃げちゃダメと言える強く温かい母になりたい。

湯を沸かすほどの熱い愛 豪華版 [DVD] https://t.co/PSfSNPlocQ #Amazon",1.3113054466956861e+18
,date,screen_name,tweet,tweet_id
0,2020-09-30 14:00:22,shinchaku,【発売日：2020/08/28】正直不動産（９） (ビッグコミックス)  https://t.co/ugy74XK1mr #amazon,1.311304887540613e+18
1,2020-09-30 14:00:17,yuki_nagase,"【アニメDVD】ベスト10
鬼滅の刃 1(完全生産限定版) [DVD]
https://t.co/3PhMqheblS #Amazon",1.3113048659061883e+18
2,2020-09-30 14:01:00,robertstanek,"#bannedbooksweek When malicious targeting of my books stopped suddenly, I thought someone must have finally caught the Amazon insiders responsible + someone had, the Justice Department! 

https://t.co/HMWRuDx1Oo

#darngoodreads #freedomtoread #amazon #goodreads #libraryresources https://t.co/2GwZpjyYRB",1.3113050454141624e+18
3,2020-09-30 14:00:02,AlphaRepricer,"Alpha Repricer is now repricing Amazon UAE.
https://t.co/7Ujpgrf70K

#Amazon #AmazonRepricer #AlphaRepricer #OnlineSellers #bestRepricer #Amazonfba #Amazonsellertool #entrepreneur #fbasellers #uae #dubai #AbuDhabi #Sharjah #Ajman #AlAin #AmazonAE #Jumeirah https://t.co/849OvICokV",1.3113048012636815e+18
4,2020-09-30 14:01:33,mybtrmommy,Amazon: Save up to 50% off AuraGlow Teeth Whitening Products https://t.co/yY3Bc0AhvH #amazon https://t.co/i0jQHoPymL,1.311305183498924e+18
5,2020-09-30 14:00:01,CryptiaExchange,"La plataforma para compra de productos en #Amazon pagando con #Bitcoin #Purse, no cerrará sus puertas. 

Así lo informó Andrew Lee, CEO de la empresa, el pasado lunes mediante una publicación en el blog de su sitio web. https://t.co/U8n10CQWrX",1.31130479991731e+18
6,2020-09-30 14:01:06,consejosparaVD,"ENTRA GRATIS A LA PRIMERA CLASE AQUI=== https://t.co/7B9NyA6Ha4 AL ENTRAR, PINCHAR DONDE DICE: ""VISTA PREVIA DE ESTE CURSO"". ALLÍ PODRÁS VER LA PROMO Y DISFRUTAR DE LA PRIMERA CLASE GRATIS . ENTRA AQUÍ ==)) https://t.co/bIDo55GA7i #Libros #amazon #ebook #novela #escritor #kdp https://t.co/3oZuau5YZp",1.3113050731721114e+18
7,2020-09-30 14:00:02,AlphaRepricer,"Know more about preparing your FBA shipment to send on Amazon!

https://t.co/4OdcySMw12

#Amazon #AmazonRepricer #AlphaRepricer #OnlineSellers #cheapestrepricer #amazonmarketplace #fbasellers #FBA  #USA #California #NewYork #Florida #Washington #Virginia #Texas #LosAngeles",1.3113048011715052e+18
8,2020-09-30 14:01:45,intensive_life,"Health is wealth! Get Summary of Medical Medium Cleanse to Heal for FREE!

https://t.co/YvVs5MDYYQ

#medicalmedium #anthonywilliam #cleansetoheal #health #summary #booksummary #Free #FreeBook #Amazon #KindleUnlimited #KU #NewRelease #IntensiveLifePublishing #books #bookstagram https://t.co/XYTfkFibTY",1.311305233956565e+18
9,2020-09-30 14:00:48,WS_Klass,#follow #BN #read #amazon #wrath #wsklass #klassproductions #author https://t.co/pRXzivAZDB,1.3113049945289236e+18
10,2020-09-30 14:00:23,shinchaku,【発売日：2020/08/26】リアデイルの大地にて 2 (電撃コミックスNEXT)  https://t.co/Xst9HWFmS0 #amazon,1.311304891500032e+18
11,2020-09-30 14:00:28,yuki_nagase,"【アニメDVD】ベスト10
【https://t.co/UUDV4jHMPX限定】プリンセスコネクト! Re:Dive 全巻購入セット(全巻購入特典:アニメオリジナルサウンドトラックCD付)
https://t.co/s4xdhAitnd #Amazon",1.311304910319747e+18
12,2020-09-30 14:00:59,CoolDealCA,"Aroma Housewares 6-Cup Rice Cooker for $19.99!!

#freebies #deals #deal #moneysaver #greatdeal #steals #discount #sale #bargain #bargainhunter #cheap #bestprice #Amazon  #Deals #giveaway #Deal #ganga

 https://t.co/ExpLcPDjFF https://t.co/tJPhuK3lkz",1.3113050404942397e+18
13,2020-09-30 14:01:34,hctc,"Don’t miss UR chance 2 win gr8 prizes @ our Annual Meeting prize drawing! Today is the last day to register for UR chance to win!
 
#HCTC #AnnualMeeting #prizes #drawings #MicrosoftSurface #Apple #MacbookPro #GalaxyTab #iPad #4K #streaming #technology #devices #Amazon #giftcards https://t.co/JUFE09MM7e",1.3113051896856904e+18
14,2020-09-30 14:00:38,yuki_nagase,"【アニメDVD】ベスト10
タカラトミーアーツ 名探偵コナンTVアニメコレクションDVD緊迫のミステリーFILE集 フルコンプ8個入 食玩・ガム(名探偵コナン)
https://t.co/43lNBjCkXw #Amazon",1.3113049544437842e+18
15,2020-09-30 14:01:35,ZeuxApp,"2% cashback just by shopping on #Amazon! Visit Amazon via the Zeux app and pay with your Zeux card and we'll give you back money just for spending!
#amazoncashback #rewards #financialrewards #cashback https://t.co/eYHX0CjnrA",1.3113051911242752e+18
16,2020-09-30 14:00:45,ItShouldBeYour,"Glory Furniture Julie Full, Blue Bed Room Furniture https://t.co/hbjJhMRiEV #gifts #giftideas #shopping #household #holiday #blackfriday #thanksgiving #cybermonday @amazon #amazon https://t.co/vxx5N6oMm8",1.3113049850917356e+18
17,2020-09-30 14:00:43,yuki_nagase,"【アニメDVD】ベスト10
宮崎駿監督作品集 [DVD]
https://t.co/y4LoVcCTev #Amazon",1.3113049765058273e+18
18,2020-09-30 14:01:07,purogeekcr,"Estrenos en Amazon Prime Video para Octubre 2020.

#primevideo #netflix #amazonprime #amazon #amazonprimevideo #movies #series #movie #cinema #film #streaming #tvseries #prime #filmes #purogeekcr #drama #hollywood #tvshow #tv #disneyplus #costarica https://t.co/IN6tnSQPhg",1.3113050745394094e+18
19,2020-09-30 14:01:00,maryabshire,"PNR Reads for Fall

https://t.co/Z3P7FCQ3lU

#paranormal #fantasy #urbanfantasy #scifi #sciencefiction #PNR #paranormalromance #romance #suspense #goodreads #mustread #greatreads #BookBoost #Bookbuzz #PDF1 #IARTG #BookClub #Kindle #Amazon #romancereaders #romancebooks #romantic https://t.co/JUboqpry99",1.3113050452966769e+18
20,2020-09-30 14:00:06,yuki_nagase,"【アニメDVD】ベスト10
「天気の子」DVDスタンダード・エディション
https://t.co/MvPhBqvPkG #Amazon",1.3113048210565243e+18
21,2020-09-30 14:00:39,weblinkspark,Amazon One Turns Your Palm into a Contactless Credit Card ~ https://t.co/0lkphhlcQJ #Amazon #Technology #Payment via @DigitalTrends https://t.co/aAbP4Hx9nX,1.311304957987967e+18
22,2020-09-30 14:01:43,rakten_kaden_,"09/30 23:01

パナソニック　Panasonic　紙パック式掃除機
【楽天】10670円
【Amazon】12119円

★楽天で購入すると★
 1449円 お得（お得率14％）

↓お得な情報を一覧で確認出来るサイト
https://t.co/kMQYxgL6Rh

#楽天市場 #Amazon #お得 #せどり https://t.co/LmoZftC0eq",1.31130522715324e+18
23,2020-09-30 14:00:27,Tivuch4u,"14k Gold Wedding Band, unisex artisan wedding ring, 
https://t.co/ROeWr0Dg35
#roshhashanah #shofar #sukkot #Jewish #MEGA #love #Amazon #kosher #elections #shabbat #Bidan #Trump #gardening #debate #Israel #Gucci #Dior #FENDI #yogi #vegan #pets #mask #mems #zoom #tiktok #tinder https://t.co/oKZuGg7hwO",1.3113049091077366e+18
24,2020-09-30 14:01:53,Concept_Goddess,Now available on ebook and paperback! #UnFriendZone #JazzieAndEddie #Friends #Lovers #bookstagram #blackwritersofinstagram #blackgirlswhowrite #amazonbooks #amazon https://t.co/sqtb0DNKIk,1.3113052691887186e+18
25,2020-09-30 14:00:22,yuki_nagase,"【アニメDVD】ベスト10
しまじろうアニメ ゆうきいっぱい傑作選 [DVD]
https://t.co/lX0AYnyeiL #Amazon",1.3113048882367693e+18
26,2020-09-30 14:00:56,Ugotowened,"Last Chance! Would you like to win a $50 Amazon Gift Card or PayPal Deposit? Check out this easy entry Gleam giveaway for a chance to #WIN

Open Worldwide

@GooseGiveaways #wingiftcard #wincash #amazon #paypal #winmoney #sweepstakes #giveaways https://t.co/oS8O5KImH5",1.3113050283685028e+18
27,2020-09-03 18:26:48,LenovoLegion,"Lenovo Legion x @PlayApex
Now is your chance to rise above the rest. 
Unmatched performance, purposeful engineering, modern design.
Gear up with a machine as savage as you are.
Stylish outside.
Savage inside.",1.301587465258578e+18
28,2020-09-30 14:00:12,popcultscoops,The follow-up film starring Sacha Baron Cohen was shot and produced in secret in recent months #Borat #Borat2 #Boratsequel #SachaBaronCohen #Amazon #AmazonPrime #AmazonPrimeVideo #BoratSagdiyev #movies #films #sequel #followup #comedy https://t.co/OjHHcCNBBo via @geekspinco,1.311304842728538e+18
29,2020-09-30 14:00:01,amantedelcodigo,"Amazon presento un drone autónomo para vigilar el hogar. Se trata de “Ring Always Home Cam” el dispositivo se desplaza por la vivienda siguiendo caminos preseleccionados por el usuario.

#Amazon #drone #dronesforgood #AmazonDeals https://t.co/J66Lnbrk1N",1.311304800407937e+18
30,2020-09-30 14:00:05,XperienceDope,"Blasting Bel Biv &amp; Davoe - Poison right now on Pretty Dope Xperience Radio aka #BlackPandora

listen now and catch a wave!! https://t.co/VqKFopeoex  #nowplaying #np #RT  #NowStreaming #Streema Download Now #Alexa #GooglePlay #iOSAppStore #Amazon #",1.3113048146855485e+18
31,2020-09-30 14:00:34,dealnarwhal,Earthborn Holistic Venture Duck &amp; Pumpkin Grain Free Dry Dog Food $6.99 https://t.co/CxI6np5FT5 at #Amazon https://t.co/O7Gll7HQao,1.311304936764969e+18
32,2020-09-30 14:00:11,dealnarwhal,Revlon Super Lustrous Glass Shine Lipstick $3.49 https://t.co/MdPzEfs2VQ at #Amazon https://t.co/VVV3Cq5eno,1.311304840430211e+18
33,2020-09-30 14:00:54,noizylady,"#Amazon
Save 80% on 2020 Womens Casual Color Block Long Sleeve Pullover Tops Loose Lightweight Tunic Shirt
$11.99 with code: 80DLC1PA
End: 10/09/2020
https://t.co/5ZipcqDG78

#AD #PrimeDay #Sale #Deals #Discounts #Prime #DealoftheDay #amazondeals",1.3113050195227812e+18
34,2020-09-30 14:00:21,shinchaku,【発売日：2020/09/03】Number(ナンバー)1010号［雑誌］  https://t.co/wsGXPrz97n #amazon,1.3113048841390449e+18
35,2020-09-30 14:00:37,CoolDealCA,"💲💰
Oars + Alps Natural Deodorant
Reduced from $14 to $11

# #Deals #new #Deals #savings #Amazon  #Deal #ganga

 https://t.co/js3GCoYsSs https://t.co/t9iKJSBGug",1.3113049513401098e+18
36,2020-09-30 14:00:49,yuki_nagase,"【アニメDVD】ベスト10
映画クレヨンしんちゃん 新婚旅行ハリケーン ~失われたひろし~ [DVD]
https://t.co/h1ROKdAxcU #Amazon",1.3113049984126403e+18
37,2020-09-30 14:00:12,yuki_nagase,"【アニメDVD】ベスト10
模造刀 美術刀 名刀写し 菊一文字則宗【きくいちもんじのりむね】
https://t.co/cIqO9B7EFC #Amazon",1.3113048432192307e+18
38,2020-09-30 14:00:18,BigTopApps,"Movie Casting Jobs in #Atlanta https://t.co/Tfm2VDl0Cf #FREE on #iPhone, #Android, and #Amazon #AppStore. #Casting #Atl #work #job #careers https://t.co/vx5ispnJi7",1.311304870125863e+18
39,2020-09-30 14:00:02,SandorGerendasK,"Preguntas sobre la #ContaminaciónDelAire 
Prueba tus conocimientos y responde antes de hacer clic en: https://t.co/lCULWh8ymd SGK-PLANET #CambioClimatico #EmergenciaClimática #MedioAmbiente #Sostenibilidad #CalentamientoGlobal #Amazon  #Polución #CrisisClimática https://t.co/4mC63SmVeJ",1.3113048047742362e+18
40,2020-09-30 14:00:48,KeishaReia,I really hate that I can only use @amazon #amazon credit for certain things. It’s almost impossible to something,1.311304997087441e+18
41,2020-09-30 14:00:23,shinchaku,【発売日：2020/09/07】エリスの聖杯 3巻 (デジタル版ガンガンコミックスＵＰ！)  https://t.co/dKJA6kZgHA #amazon,1.311304890183037e+18
42,2020-09-30 14:01:35,hctc,"Don’t miss your chance to win great prizes at our Annual Meeting prize drawing! Today is the last day to register for your chance to win!
 
#prizes #drawings #MicrosoftSurface #Apple #MacbookPro #Galaxy #Tab #iPad #4K #streaming #technology #devices #Amazon #giftcards https://t.co/ZMCcdK3L0E",1.3113051912166236e+18
43,2020-09-30 14:00:18,buybooks_amazon,#BestBooks #Amazon #Novel : WHEN BREATH BECOMES AIR --&gt; https://t.co/kXASG4UZWn,1.311304867793703e+18
44,2020-09-30 14:00:22,shinchaku,【発売日：2020/08/28】あそびあそばせ 10 (ヤングアニマルコミックス)  https://t.co/PVM53Gyj8e #amazon,1.311304886437503e+18
45,2020-09-30 14:00:03,YabRock,Who Else ! / #JeffBeck https://t.co/iURzJ4La3i #Rock #アマゾン #Amazon #AmazonJP,1.311304807336964e+18
46,2020-09-30 14:00:33,yuki_nagase,"【アニメDVD】ベスト10
トイ・ストーリー4 MovieNEX [ブルーレイ+DVD+デジタルコピー+MovieNEXワールド] [Blu-ray]
https://t.co/s2V1O5XAwY #Amazon",1.311304932297814e+18
47,2020-09-30 14:00:06,diohz0r,En #AirTM puedes intercambiar saldos con otra persona de manera segura en distintos servicios como #PayPal #Skrill #Payoneer #Amazon #BTC #DAI y mucho más. Inscribete en https://t.co/LivD8BNGad,1.3113048185735496e+18
48,2020-09-30 14:00:23,shinchaku,【発売日：2020/09/07】うっかり陛下の子を妊娠してしまいました～王妃ベルタの肖像～ 1巻 (デジタル版ガンガンコミックスＵＰ！)  https://t.co/IsAosOQmJJ #amazon,1.3113048889833923e+18
49,2020-09-30 14:00:31,TheInStockRoom,"***New Deal***
Oars + Alps Natural Deodorant
Reduced from $14 to $11
https://t.co/pFXcc32SFM
#Deals #newDeals #savings #Amazon https://t.co/Pmzz36qVlR",1.3113049264007782e+18
,date,screen_name,tweet,tweet_id
0,2020-09-30 14:00:00,nasayihsuso,"精力剤, ダイエットサプリのレビュー募集中💃
⚠媚薬, 育毛はご案内一時停止中⚠

報酬800円💰
商品代+800円
手数料は販売元様負担👍

精力剤は複数あるので、お取引経験ある方のご参加も可👌
新規垢もOK👌ご連絡お待ちしておりますm(_ _)m

#Amazon
#amazonレビュー 
#レビュー募集 
#無料
#報酬 https://t.co/g4FtdqabQo",1.311304794133336e+18
1,2020-09-30 13:53:23,itohfoods,"Order theRed Indian Curry Paste on Amazon or Dm 9422580046 for free delivery ✅
#readytocook #easymeals #amazon #Repost https://t.co/yOOxm0Ci1H",1.3113031294685594e+18
2,2020-09-30 13:56:18,WDCredo,"Retweetgbkdev: Get ready for new experiences with new Amazon Explore option!  This is a new way of selling goods and services. Check out what's so great about it: https://t.co/Vl85jXM8dz
#amazon #marketplace #CustomerService #CustomerExperience #TechNews #BreakingNews #developm…",1.3113038645498593e+18
3,2020-09-30 13:53:05,robinsnewswire,"""#WorldNews Story: 1 Dead in Shooting at Florida #Amazon Facility #News"": https://t.co/O96Cau1gP9",1.3113030540843377e+18
4,2020-09-30 13:52:41,ladysmanski,Help me win #amazon gift card from @AuthorDebMason at @FreshFiction https://t.co/rFIGgeysUs,1.3113029521125868e+18
5,2020-09-30 13:59:36,kakicchysmusic6,https://t.co/MaMFRamliO: Good Smoke: kakicchysmusic: MP3 Downloads https://t.co/vS0klhSGEV #Amazon #Prime,1.311304694006911e+18
6,2020-09-30 14:00:01,yuki_nagase,"【アニメDVD】ベスト10
アナと雪の女王２ [DVD]
https://t.co/SGcA4s2qix #Amazon",1.311304798944125e+18
7,2020-09-30 13:52:50,1BillionaireCEO,What is the best #treadmill to purchase on #Amazon ?  #exercise #Debates2020 #health,1.3113029897606554e+18
8,2020-09-30 13:56:37,TheInStockRoom,"***New Deal***
Clarks Women's Step Rose Fern ...
Reduced from $95.00 to $15.13
https://t.co/2nSiMgE5qB
#Deals #newDeals #Amazon https://t.co/TMtSuVxKzp",1.3113039433608315e+18
9,2020-09-30 13:58:43,59736141676941c,L'ESULE FIUMANA: RACCONTO DI UNA VITA https://t.co/nyI41aEiSk #Amazon,1.3113044703541699e+18
10,2020-09-30 13:56:00,Tarrako1162,"🔥CHOLLO! #Amazon | #Electrónica

📢Xiaomi Mi 10 Lite (Pantalla AMOLED 6.57”, TrueColor, 6GB+64GB, Camara de 48MP, Snapdragon 765G, 5G, 4160mah con Carga 20W, Android 10) Azul 

   ❌ Antes: 349,00€
   🔥 PRECIO OFERTA: 279,99€🔥 -20%
   🔰 Enlace: https://t.co/KaauBtFaJb https://t.co/MCHc0Xi7rP",1.3113037866029425e+18
11,2020-09-30 13:57:08,creativemm12,"&lt;Current Weather&gt;
Dallas
Temperature: 59.18°F/ Status: clear
👉https://t.co/V9VyRSYEf3 #amazon👈
💯👉Auto Follower👈💯
💯👉#自動相互フォロー👈💯

#FollowBack
#Yankees
#Tottenham #vs #Chelsea
#Roe #v. #Wade
#followtrick
#拡散希望RTお願いします
#TeamFollo",1.311304073472172e+18
12,2020-09-30 13:55:22,Nfrentados,#PactoDeFuga en #Amazon | Opinión/Review | Cap. 88 | #Nfrentados https://t.co/UGb4zUjWR0 a través de @YouTube,1.311303627886256e+18
13,2020-09-30 13:55:25,CaminoaNumenor,"#Amazon | Se corre el rumor de que la serie de El Señor de los Anillos podría darle un papel protagónico a una elfa conocida...
#HabraConsecuencias 
#Tolkien

🔹️ https://t.co/YOrfRSKwUP",1.311303641559642e+18
14,2020-09-30 13:53:30,SandraEstevezC,"El Volumen 3 de la #serie de #cienciaficcion EN ÓRBITAS EXTRAÑAS de @RamonSomoza ya está a la venta en #Amazon
https://t.co/E2lxGjkNlt",1.311303159973843e+18
15,2020-09-30 13:57:32,OSENBEI_sgsjs,"表紙も最高だけど本編も最高なのでどうぞよしなに！

AGRAVITY BOYS 3 (ジャンプコミックス) https://t.co/ctjpw1vfA0 #Amazon",1.3113041756454625e+18
16,2020-09-30 13:57:31,DEBIJOT,Love Speculative Fiction? #Win a Mega Book Gift Basket in this #Amazon &amp; #Goodreads #Giveaway via @sffbookbonanza: https://t.co/fG0sDn27N5,1.3113041679615672e+18
17,2020-09-30 13:57:13,AppDropped_UK,"Check out this #Amazon Bestseller - Lindeman's Bin 65 Chardonnay 2019 White Wine, 75 cl, Ca for £52.99
https://t.co/KBuSwiAubH https://t.co/AuDHZwsleh",1.3113040927870607e+18
18,2020-09-30 13:56:07,jMontesEscritor,"El conde no depararía en usar todos los medios a su alcance para darle caza.

EL HOMBRE ERRANTE.

Un hombre perseguido por enamorarse de la mujer equivocada.

#Recomiendoleer #qleer #Amazon

COMIENZA A LEERLA GRATIS AQUÍ https://t.co/RxdIom0dvR https://t.co/W1zVjhxAde",1.311303816378278e+18
19,2020-09-30 14:00:00,antilavado,"Ya en #Amazon la 2da ediciòn - actualizada- de ""Así se Lava el Dinero en Venezuela"" escrita por el especialista en prevenciòn de crimen organizado @arebolledo1 #Venezuela #EEUU #España https://t.co/ipXo4UBi5o",1.3113047942508052e+18
20,2020-09-30 13:56:15,Buch_Bestseller,Mein großes Buch der Tiergeräusche https://t.co/b6WhW2skSI hat sich seit 1h um 18 Plätze auf Platz 27 der #Amazon #Bestseller verbessert.,1.3113038519711498e+18
21,2020-09-30 13:56:54,Cau_Mattos,"Esse é o Brasil do DESgoverno Bolsonaro, Salles, Guedes, Rodrigo Maia e Alcolumbre. #Fascism #ForaBolsonaro #Brazil #Politics #ONU #COVID19 #Amazon #SOSAmazon https://t.co/Qn6nW7HLyR",1.3113040135777034e+18
22,2020-09-30 13:55:07,Kassfinol,"Pueden adquirirlo en cualquier portal de #Amazon #papel y #kindle en:

https://t.co/sinxOgahn9 

#gratis #kindleunlimited #romance #paranormal#romanceparanormal #escritoraromanceparanormal #romanceparanormalenespañol https://t.co/uQhVmLDc78",1.311303565059797e+18
23,2020-09-30 13:56:42,rakten_kaden_,"09/30 22:56

シャープ KS-CF05B-W(ホワイト) ジャー
【楽天】8349円
【Amazon】8400円

★楽天で購入すると★
 51円 お得（お得率1％）

↓お得な情報を一覧で確認出来るサイト
https://t.co/kMQYxgL6Rh

#楽天市場 #Amazon #お得 #せどり https://t.co/jCtygsA5bi",1.3113039654101238e+18
24,2020-09-30 13:57:47,ghanshyambairwa,"Last Chance! Would you like to win a $50 Amazon Gift Card or PayPal Deposit? Check out this easy entry Gleam giveaway for a chance to #WIN

Open Worldwide

@GooseGiveaways #wingiftcard #wincash #amazon #paypal #winmoney #sweepstakes #giveaways https://t.co/PB3WR21Hyo",1.3113042366180557e+18
25,2020-09-30 13:56:04,XperienceDope,"Blasting Aaliyah - Got To Give It Up right now on Pretty Dope Xperience Radio aka #BlackPandora

listen now and catch a wave!! https://t.co/VqKFopeoex  #nowplaying #np #RT  #NowStreaming #Streema Download Now #Alexa #GooglePlay #iOSAppStore #Amazon #",1.3113038032248873e+18
26,2020-09-30 13:57:32,decomprasPLRed,"🔥 Os dejo este #producto que ha encontrado @cestindecompras en #Amazon con un #superdescuento del 81%. CPU AMD AM4
🚫ANTES: 384.81
👍AHORA: 71.22
Oferta: https://t.co/Hpnn6JCiw4
 #chollo #descuento #barato #cupon",1.3113041752721981e+18
27,2020-09-30 13:55:40,hispachollos,"🌀 Playmobil 70100 Magic Familia con Conchas Cochecito, Multicolor. #Amazon 🇪🇸

💶 Precio oferta: 12,46€ 💥 (PVP normal: 16,99€)

♻️ Reacondicionado: 12,21€

💳 Enlace: https://t.co/tGysiUAS7X

✨ 30 días gratis de Amazon Music Unlimited  ...
https://t.co/qrq5dIHJNx
#chollo",1.3113037032704287e+18
28,2020-09-30 13:55:00,facteus,"🇺🇸 Consumer Spend: 
Amazon vs Walmart Sep 27

The gap in spending growth between retail giants $AMZN and $WMT remains wide, with Amazon growing 61% YOY vs Walmart’s 10%.

Read our updated consumer spend report:
https://t.co/XLuLGQOAD0

#retail #ecommerce #Amazon #consumerspending https://t.co/24dN7E4Wt0",1.311303535083098e+18
29,2020-09-30 13:59:28,aim_mis,@AmazonHelp  - This exact thing happened to me.  It will happen to others too.  Stop blaming the customer and investigate your team and process -  #Amazon https://t.co/dfSb67xLnz,1.311304660855206e+18
30,2020-09-30 13:58:09,Charlie_Cawood,"Kodaline - Follow Your Fire #bigtimeradio https://t.co/N76xPoatRr @Charlie_Cawood @BigTimeRadio1 @bigtime_news
 on #Amazon Echo &amp; App https://t.co/c7cZfm4MQo  #Top40 #Music 247 #Worldwide 3 #Radio #Stations 43 #Countries #Interviews #Billboard https://t.co/JiPHr6jZyC  #SUBMI",1.311304327152259e+18
31,2020-12-04 16:50:25,ProcterGamble,"Everyone has the power to do SOMETHING. Tune in at 7 p.m. Dec. 10 to #TriState Strong: Getting to Zero to be inspired by how your neighbors &amp; familiar faces from health care, media and business have pulled together #TriStateStrong #GettingToZero",1.3349028910736097e+18
32,2020-09-30 13:56:10,LaMongoose,"Want 5% off anything from our #Amazon shop? 

Click here:
https://t.co/FilPTagoTS

Starts 10am PST.

HAPPY SHOPPING Y'ALL!",1.3113038297832202e+18
33,2020-09-30 14:00:00,CompPolicyInt,"#Amazon Must Heed Mail Regulations, Says Spanish Watchdog
https://t.co/jxrNTb4NOH",1.3113047934665073e+18
34,2020-09-30 13:58:12,asa_222_asa,"鉄道ピクトリアル 2020年 11 月号 [雑誌] https://t.co/DH05H7iudE #Amazon
今月号、東武オタクは買ったよね？？？",1.3113043429814108e+18
35,2020-09-30 13:58:47,HydeChan5,"@State_E Totally Unfair!
#China is BANNING #Google, #Facebook, #Youtube, #Wiki, #Twitter, #Yahoo, #Reddit, #Blogspot, #Instagram, #Twitch, #Tumblr, #Pinterest, #Amazon, #Imgur, #WhatsApp, #Dailymotion, #Medium, #Vimeo, #Quora, #HBO, etc.
Please ban all Chinese apps and products.",1.3113044882175386e+18
36,2020-09-30 13:56:04,INDIEBOOKSOURCE,"BOOKS BY
https://t.co/7WRghE4EoQ
AUTHOR RODNEY PAGE
#Books #IARTG #Kindle #Amazon #ReadIndie #indieauthors #ian1 #bookboost
 @JRodneyPag https://t.co/6gaL9QZ5LW",1.311303804164477e+18
37,2020-09-30 13:57:23,ProfidiAndrea,"💲 #Amazon: paga col palmo della tua mano! Ecco #AmazoneOne, la nuova tecnologia biometrica
https://t.co/VKRIYj6SOc",1.3113041355941724e+18
38,2020-09-30 14:00:01,AH0RRAC0M0NUNCA,"🖥️ DALE un empujón a tu ordenador con esta memoria #RAM:

¡16GB de DDR4 a 3.000 MHz por MENOS de 67 💶!

✍️ ¡Miles de opiniones excelentes!

🌐 De #Corsair

📦 Envío #gratis en #Amazon

HAZTE CON ELLA 🔗 https://t.co/mfFc3aXtGO https://t.co/EC7AkJxGkg",1.3113047985666253e+18
39,2020-09-30 13:57:08,bmurphypointman,"#affiliate #affilatemarketing #affiliates #amazon #affiliateprogram Join me on Webtalk. Webtalk pays you for doing exactly what you do on social media! Just post, like, share. When people also do the above on your posts, you earn! https://t.co/eyZ6imGbFE",1.311304072897626e+18
40,2020-09-30 13:53:30,nicolas_frankel,Leaked #Amazon data shows automated warehouses have higher injury rates https://t.co/NLfqBejcfu,1.3113031595544125e+18
41,2020-09-30 13:55:06,elsuperchollo,"💥 Super Precio!!! 💥 #Amazon 

Hurley - M One &amp;amp; Only Volley 17 BAÑADORES Hombre 

✅ Descuentazo del 53% 

💵 Precio desde 18,64 EUR

🔰 Enlace: https://t.co/QMBuwnpCzL 

🌐 https://t.co/pxIXYyCRuZ https://t.co/uy1cYxmod4",1.3113035593807094e+18
42,2020-09-30 13:56:43,CoolDealCA,"💲💰
Clarks Women's Step Rose Fern ...
Reduced from $95.00 to $15.13

# #Deals #new #Deals #Amazon  #Deal #ganga

 https://t.co/O3ap4ROc89 https://t.co/JPx2IYqDoL",1.3113039683881984e+18
43,2020-09-30 13:56:40,Palmnutrition,"So many benefits. So easy. So delicious. #DrinkYourGreens 
Get yours now on #Amazon or at https://t.co/ock4pXNdJs 🙌 https://t.co/MW3vQTHKSE",1.3113039544128348e+18
44,2020-09-30 13:53:46,elsuperchollo,"No lo hay más barato #Amazon 

Hurley - M Dri-fit Santa Cruz L/S Hood - Sudadera Hombre 

Descuentazo de locos 65% 

💵 Precio desde 21,21 EUR

🔰 Enlace: https://t.co/4sXCOMenSW 

🌐 https://t.co/E6yJAjzfwk https://t.co/g0dOIThErA",1.3113032261432484e+18
45,2020-09-30 13:56:14,Piyasa_Takibi_,"📌#ABD (#USA) #endeks ve ana akım #teknoloji, #banka, #havacılık #hisse'lerinde ⬆️ yönlü seyir hâkim.

#SP500, #Dow30, #NYSE, #Nasdaq ⬆️

#Amazon %1 ⬆️, #Tesla %3 ⬆️

$AAPL $FB $BOA $JPM $BAC $GOOG $AMZN $NFLX $TWTR $NVDA $INTC $MSFT $TSLA $BA $DAL $CMCSA $UBER $JNJ https://t.co/OFS75U8XPH",1.3113038470427894e+18
46,2020-09-30 13:52:56,FYesmin13,"I will provide you world-class Amazon product editing service within your chosen time. Here are some of my previous work: https://t.co/cDoFg5xADl Check out my Gig on Fiverr: https://t.co/DfyOlPBLFz
 #BTSxVariety #the100leaked #BidenWonTheDebate #amazon #amazonprduct https://t.co/rgvqAONeTb",1.3113030174847918e+18
47,2020-09-30 13:54:56,atticgirl76,Top Deals &amp; Discounts $50 Amazon Gift Card Giveaway Ends 10/31 @KitHelens @las930  Enter here: https://t.co/DuQZ6Fi0Ju #win #contest #giveaway #amazon https://t.co/wix2U7Rm6p,1.3113035181841818e+18
48,2020-09-30 13:56:36,FYesmin13,"I will provide you world-class Amazon product editing service within your chosen time. Here are some of my previous work.
Check out my Gig on Fiverr: https://t.co/roZBsTba0y
#amazon #amazonprduct #amazonproductphotoediting #Listing #BTSxVariety #the100leaked #BidenWonTheDebate https://t.co/1ofcHV9QRJ",1.3113039381849416e+18
49,2020-09-30 14:00:00,BaratoDeVerdad,"🖥️ DALE un empujón a tu ordenador con esta memoria #RAM:

¡16GB de DDR4 a 3.000 MHz por MENOS de 67 💶!

✍️ ¡Miles de opiniones excelentes!

🌐 De #Corsair

📦 Envío #gratis en #Amazon

HAZTE CON ELLA 🔗 https://t.co/oRl1W4NJjY https://t.co/EoOiDl5dvq",1.3113047959999283e+18
,date,screen_name,tweet,tweet_id
0,2020-09-30 13:45:44,Texas_Storm84,"Check out my blog, and read an interesting excerpt from DEAD TO ME, an #urbanfantasy, by Annie Anderson. Enter the #GIVEAWAY to #win a $50 #Amazon #Giftcard - two winners! @AnnieAnde @XpressoTours
https://t.co/5m5hdDNV1o https://t.co/pY1sH01OKv",1.3113012055288054e+18
1,2020-09-30 13:49:19,FYesmin13,"I will provide you world-class Amazon product editing service within your chosen time. Here are some of my previous work. Please check: https://t.co/cDoFg5xADl
Check out my Gig on Fiverr: https://t.co/g9aeaAzTz3
#BTSxVariety #the100leaked #BidenWonTheDebate #Amazon #amazonproduct https://t.co/jer0PrHlW9",1.31130210388992e+18
2,2020-09-30 13:47:10,cotilas2,"Last Chance! Would you like to win a $50 Amazon Gift Card or PayPal Deposit? Check out this easy entry Gleam giveaway for a chance to #WIN

Open Worldwide

@GooseGiveaways #wingiftcard #wincash #amazon #paypal #winmoney #sweepstakes #giveaways https://t.co/7HrdtiVD0M",1.3113015634540503e+18
3,2020-09-30 13:50:53,elsuperchollo,"Lluvia de rebajas 🌂 #Amazon 

Hurley - M Core O&amp;amp;o Boxed L/S tee Camiseta De Manga Larga Hombre 

Rebajón del 59% 

💵 Precio desde 12,24 EUR

🔰 Enlace: https://t.co/vrMSBwcdg2 

🌐 https://t.co/4uEiFLVQ2t https://t.co/CXNRqqWbBr",1.311302500813865e+18
4,2020-09-30 13:46:05,TheInStockRoom,"***New Deal***
Mary's Gone Crackers: 6.5oz Or...
New price $3
https://t.co/2iClngCxPl
#Deals #newDeals #Discounts #Amazon https://t.co/HrAtvVkoaK",1.3113012907865416e+18
5,2020-09-30 13:49:03,jbojorgesL,Será que le competira al #Amazon Alexa y al de #Google https://t.co/DFp2YgRDje,1.3113020366596055e+18
6,2020-09-30 13:51:15,wwwgalelaurecom,"#Lectores,
Find EVOLUTION OF A SAD WOMAN #misterio #suspenso #thriller #romans #libros at #Amazon #Mexico  https://t.co/mNqc3RkXd2 GL #Monterrey #Cancun #Guadalajara #Laredo #MexicoCity #leer #leyendo",1.3113025911926702e+18
7,2020-09-30 13:51:42,rakten_kaden_,"09/30 22:51

オーブンレンジ 18L フラットテーブル アイリス
【楽天】14800円
【Amazon】15800円

★楽天で購入すると★
 1000円 お得（お得率7％）

↓お得な情報を一覧で確認出来るサイト
https://t.co/kMQYxgL6Rh

#楽天市場 #Amazon #お得 #せどり https://t.co/0YTF7s6F8u",1.3113027052525076e+18
8,2020-09-30 13:49:39,Profitero,"Move over Apple Pay, double-clicks, fingerprints and face recognition. #Amazon wants you to pay with your palm via its new Amazon One technology | via The Verge #retail #technology #ecommerce https://t.co/yD5vZHqJNd",1.311302189281874e+18
9,2020-09-30 13:50:54,RF_Hack,DOD(ディーオーディー) DOD(ディーオーディー) フツーノタンク 水専用 ウォータータンク 10L WT3-601-KH https://t.co/W3zqeDGw3k #Amazon,1.311302502424273e+18
10,2020-09-30 13:45:07,PhaedraSolutio1,"Amazon, ExxonMobil and payment provider Fiserv have announced that you can pay with Alexa at some pumps across the US. 

Here’s a video link: 
https://t.co/7rOy4ghhJu

#Amazon #Alexa #AmazonPay #TechnologyNews #TechnologyTrends https://t.co/zPFejHMjnX",1.3113010498403656e+18
11,2020-09-30 13:50:34,otlobify,"يمكنك الحصول على المنتج بهذا الرابط
https://t.co/dpGij0AAQs
إذا كان لديك أي استفسار فلا تتردد في طرحه :)
#saudiarabia #coffee #coffeelovers #amazon #selling #products https://t.co/RHmxRIAUQF",1.3113024196037714e+18
12,2020-09-30 13:48:36,wwwgalelaurecom,"EVOLUTION OF A SAD WOMAN mystery suspense, thriller #Romance #books at #Amazon #Canada for #Montreal #Calgary #Ontario #Toronto #readers. GL

https://t.co/vTKRSmdQaK",1.3113019271085752e+18
13,2020-09-30 13:48:19,wwwgalelaurecom,This #wednesdaymorning #readers find EVOLUTION OF A SAD WOMAN mystery suspense thriller romance #book  @ #Amazon.  Five men who love ❤️ the same beautiful woman. Passion 😘. Murder! 🔪. Enjoy.  GL  https://t.co/xJ8uxV9jdu,1.3113018546687631e+18
14,2020-09-30 13:47:07,elsuperchollo,"No lo hay más barato #Amazon 

Billabong - Section tee SS Camiseta para Hombre 

Descuentazooooo❗❗ 45% 

💵 Precio desde 13,69 EUR

🔰 Enlace: https://t.co/bbfSOzOPQu 

🌐 https://t.co/EqiBisH66X https://t.co/fnJkCHPG5v",1.3113015522216755e+18
15,2020-09-30 13:46:30,leliosimi,"Dietro a #Google e #Facebook nei fatturati da #pubblicità non c'è #Amazon (in forte crescita in questo tipo di ricavi ma solo quarto) bensì #Alibaba che nel 2020 metterà assieme ricavi da #advertising per 23,5 miliardi di dollari secondo @WARCEditors&gt; https://t.co/oQNaYl3d1s",1.3113013956860682e+18
16,2020-09-30 13:49:27,creativemm12,"#Knight, Phil の Shoe Dog: A Memoir #the Creator of Nike (English Edition)
https://t.co/hu7vUKdgAb
#autofollower
#마켓팅
#amazon
#Eric #Trump
#Helen #Reddy
#CNN",1.311302140988502e+18
17,2020-09-30 13:45:09,FFUltimania_Mac,"Bauhutte(バウヒュッテ) ゲーム機ディスプレイラック 幅80.5×奥行35.5×高さ130.5cm BHS-800G-BKブ... https://t.co/X6f3JQY0lW #Amazon

普通のラック買っちゃったよ…
ゲーマーだからこれ欲しかった…",1.311301058950357e+18
18,2020-09-30 13:50:53,viaouest_fr,"#Amazon One vous permet de payer avec la paume de votre main via →https://t.co/BFwIBqdsZo
 https://t.co/cU7B22EqIH",1.3113024983853752e+18
19,2020-09-30 13:51:00,wwwgalelaurecom,#WallpaperWednesday #coronavirus #StaySafe #Read:  EVOLUTION OF A SAD WOMAN #book #worldwide #shopping @ bottom of page:#Amazon: #USA #Japan #India #Australia #Netherlands #Brazil #UAE #Singapore #Germany #UK #Canada #Mexico #Italy #Turkey https://t.co/xJ8uxV9jdu GL,1.3113025306311148e+18
20,2020-09-30 13:48:34,elsuperchollo,"A por ello 🏃 #Amazon 

Element - Basic Pocket Label - Camiseta de Manga Corta para Hombre Camiseta de Manga Cor... 

✅ Descuentazo del 45% 

💵 Precio desde 13,78 EUR

🔰 Enlace: https://t.co/1qBCY0Dfdf 

🌐 https://t.co/uoaHlXKebE https://t.co/rolMqQ5RB7",1.3113019171009085e+18
21,2020-09-30 13:45:13,CoolDealCA,"#iPhone Charger MFi Certified Lightning Cable 5-Pack for $8.99!!

#freebies #deals #deal #moneysaver #greatdeal #steals #discount #sale #bargain #bargainhunter #cheap #bestprice #Amazon  #Deals #giveaway #Deal #ganga

 https://t.co/dzvFWIUdpU https://t.co/x2qXfaikxj",1.3113010760339743e+18
22,2020-09-30 13:46:11,CoolDealCA,"💲💰
Mary's Gone Crackers: 6.5oz Or...
#New  price $3

# #Deals #new #Deals #Discounts #Amazon  #Deal #ganga

 https://t.co/LbHCX7JN7P https://t.co/nIwsB7Os0k",1.311301315318997e+18
23,2020-09-30 13:52:00,NacionInnovatv,"""Estamos cerca de pasar los cien millones de euros en ventas de clientes""🔝🤩 Álvaro Sánchez de #AZZgency contaba ayer a @ChemaNieto cuales eran las claves para triunfar vendiendo a través de #Amazon ¡No te pierdas la entrevista completa! 
👉https://t.co/VaLWkghxWd https://t.co/z3ntse2qjm",1.311302779974058e+18
24,2020-09-30 13:45:06,BeautyHealthHip,"We scoured Amazon and found the best beard oils out there to protect your skin pre- and post-shave and keep your facial hair hydrated. Check It Out!
https://t.co/QvzOEsMAOV 
#beardoil #organicbeardoil #facialhair #beardcare    #beardproducts #beardoilreviews #amazon  #skincare https://t.co/4fFYSRwqfS",1.3113010427814666e+18
25,2020-09-30 13:52:39,KHUKUC,"#consumerforum
#amazonfraud
#PMOIndia 

To my complete surprise i realised that #Amazon doesn't give u a complaint number neither gives u the facility to track the status of your complaint.",1.3113029464752415e+18
26,2020-09-30 13:52:16,elsuperchollo,"💶 Super Barato 💶 #Amazon 

Hurley - M Dri-Fit Coronado Polo S/S, Hombre, gris 

Descuento ⭐️⭐️⭐️⭐️⭐️ 58% 

💵 Precio desde 18,88 EUR

🔰 Enlace: https://t.co/rYIUI8vYnT 

🌐 https://t.co/EO9KS9FaOq https://t.co/DQPvaDqFiY",1.3113028499056886e+18
27,2020-09-30 13:45:31,nicolas_picand,"#Amazon lance Amazon Explore, un nouvel outil qui permet à une entreprise de diffuser du contenu payant en direct auprès d’un seul utilisateur https://t.co/x4EPCQxbtQ via @LUsineDigitale",1.3113011508603494e+18
28,2020-09-30 13:46:43,HBFzMrenry5YJ9S,"ヘッドホンのらんちゅう ランチュウ金魚 「楽」 ハンドメイド ご長寿 縁起物 還暦 男性 女性 酒 誕生日 結婚
Amazonの贈り物　外人 お土産 おみやげ

 #アマゾン #Amazon #ハンドメイド #アクアリウム #還暦祝い #結婚祝い  #誕生日

https://t.co/TnwrwASDdR @amazonJPより",1.311301452267008e+18
29,2020-09-30 13:47:08,XperienceDope,"Blasting G.Q. - Sitting in the Park.mp3 right now on Pretty Dope Xperience Radio aka #BlackPandora

listen now and catch a wave!! https://t.co/VqKFopeoex  #nowplaying #np #RT  #NowStreaming #Streema Download Now #Alexa #GooglePlay #iOSAppStore #Amazon #",1.3113015565165527e+18
30,2020-09-30 13:45:40,RoMemoria,#LibrosqueAtrapan MEMORIA DEL PARAÍSO. Este chico cuenta su vida. Y el alma del #lector se estremece. ¡Descubre #elplacerdeleer! En #Amazon #Papel: https://t.co/hw7QMvQeza  #Kindle: https://t.co/yuGc7wF8dp https://t.co/xR1dbPW4ie,1.3113011870654546e+18
31,2020-09-30 13:51:49,aim_mis,@AmazonHelp I will do my best to use social media to inform others from becoming a victim of fraud #Amazon,1.3113027343987876e+18
32,2020-09-30 13:44:51,cupomdogui,"PRODUTOS GILLETTE DE GRAÇA - PROMOÇÃO GILETE MACH3 P&amp;G - SÓ ESCOLHER E GANHAR!
https://t.co/srFP7Y3haO...
Curta a nossa página para mais promoções e cupons de desconto.
#cupom #cupomdesconto #desconto #cupomdedesconto #promoção #promoções #descontos #cupons #gillette #amazon",1.3113009804079268e+18
33,2020-09-30 13:50:16,XperienceDope,"Blasting Loose Ends - Hangin' On A String right now on Pretty Dope Xperience Radio aka #BlackPandora

listen now and catch a wave!! https://t.co/VqKFopeoex  #nowplaying #np #RT  #NowStreaming #Streema Download Now #Alexa #GooglePlay #iOSAppStore #Amazon #",1.3113023441607434e+18
34,2020-09-30 13:51:48,ChollazosChina,"⏺ SSD Samsung 870 QVO de 2TB  #Amazon

➡️Modelo 870 QVO, con un tamaño de 2,5″  y ofrece unas velocidades de hasta 560MB/s de lectura secuencial y 530MB/s de escritura.

✅OFERTA: 162,9€ ❌Habitual: 230€
📦 Enlace: https://t.co/ykgHoC1Hjm",1.3113027290007757e+18
35,2020-09-30 13:52:35,bot_lingo,"#LingoStand_
de Trending Articles: 9, Sources: 8, Words: 4,228
Nouns: euro, prime, unternehmen, prozent
Adjectives: neue, aktuell, ersten, neuen
Verbs: gibt, kann, will, soll
Proper Nouns: #Amazon, #Day, #Stadler, #Audi",1.3113029258268262e+18
36,2020-09-30 13:45:14,CoolDealCA,"Go fast!!

Massage Gun only $42.99 🔥 

#freebies #deals #deal #moneysaver #greatdeal #steals #discount #sale #bargain #bargainhunter #cheap #bestprice #Amazon  #Deals #giveaway #Deal #ganga

 https://t.co/OLdGXWTFOM https://t.co/nTSQbekL25",1.3113010787686523e+18
37,2020-09-30 13:47:05,BeautyHealthHip,"The Best Beard Oils of 2020 –Top 3 Complete Reviews https://t.co/lvInUiGezk
#beardoil #organicbeardoil  #facialhair #beardcare   #beardgrooming #beardproducts #beardoilreviews #amazon #beardgifts #grooming #skincare #beauty https://t.co/4MvdY78Pij",1.3113015423986278e+18
38,2020-09-30 13:46:41,rakten_kaden_,"09/30 22:46

パナソニック　Panasonic　衣類乾燥除湿機　
【楽天】45855円
【Amazon】47000円

★楽天で購入すると★
 1145円 お得（お得率2％）

↓お得な情報を一覧で確認出来るサイト
https://t.co/kMQYxgL6Rh

#楽天市場 #Amazon #お得 #せどり https://t.co/uSkhTEC0KS",1.3113014451409265e+18
39,2020-09-30 13:45:31,AllThings_Sexy,When you hear a knock at the door after ordering thru #Amazon https://t.co/h3h44V9Xvs,1.311301149769769e+18
40,2020-09-30 13:46:31,JobinoDE,"GESUCHT: #Versandmitarbeiter (m/w) im Logistikzentrum
👥 Firma: #Amazon
🕥 40 Stunden pro Woche / in #Vollzeit
📌 Ort: #Mönchengladbach
☺️ Zusätzliche Bonuszahlung bei entsprechender Zielerreichung
Jetzt bewerben: https://t.co/2h38c9zlrM https://t.co/EwsuTf9zxt",1.311301399880315e+18
41,2020-09-30 13:45:26,RobW_Law,#Amazon One verifies consumers and office workers by scanning the palm of their hand https://t.co/H0lAoGgoU4 via @VentureBeat,1.3113011306437468e+18
42,2020-09-30 13:46:05,PenAndPencil2,"Last Chance! Would you like to win a $50 Amazon Gift Card or PayPal Deposit? Check out this easy entry Gleam giveaway for a chance to #WIN

Open Worldwide

@GooseGiveaways #wingiftcard #wincash #amazon #paypal #winmoney #sweepstakes #giveaways https://t.co/IHlNuVL3PL",1.3113012932400579e+18
43,2020-09-30 13:52:14,wwwgalelaurecom,"#WeDoMoreWednesdays #reading:    1beautiful woman, 5 men, love❤️, passion 💥, murder 🔪!!  EVOLUTION OF A SAD WOMAN #mystery #suspense #thriller #Romance #Book @ #Amazon.
#amreading GL
https://t.co/rW6ZbFKBSO",1.3113028404769341e+18
44,2020-09-30 13:46:14,hispachollos,"🌀 HUAWEI Watch FIT - Smartwatch con Cuerpo de Metal, Pantalla AMOLED de 1,64”, hasta 10 días de batería, 96 Modos de Entrenamiento, GPS Incorporado, 5ATM, Color Negro. #Amazon 🇪🇸

💶 Precio oferta: 109€ 💥 (PVP normal: 129€)

♻️ Reacon ...
https://t.co/XWpgj0G88x
#chollo",1.3113013287533568e+18
45,2020-09-30 13:47:34,wwwgalelaurecom,"Ola Leitores, 
Cinco homens aman Uma Linda mulher. Paixoes. Assassinato!  Voce pode comprar EVOLUTION OF A SAD WOMAN #misterio #Romance #desuspense #esuspense #livro em #Amazon #Brazil.  GL
https://t.co/dBYuAidqVF",1.3113016647171318e+18
46,2020-09-30 13:50:02,doujin_cosplay,【 #Amazon 】 IPEVO V4K 超高解像度 USB 書画カメラ https://t.co/OBdCsDHPdG,1.311302286736384e+18
47,2020-09-30 13:45:50,ursglad,"#Amazon pathetic service.Mislead https://t.co/KG430XAUiX agent calls &amp; says he will be arriving &amp;within a sec message is sent that delivery attempted &amp;could not be delivered.This happened thrice &amp;agents on chat only makes fake commitments,then after4 days says item lost trnsit",1.311301229859885e+18
48,2020-09-30 13:48:59,schmattees,"Will you sheket  b’vakashutthef**kup, man? #Debates2020 #schmattees #amazon #bluewave #BidenHarris2020 https://t.co/XCOEvlu0Q9",1.3113020198947922e+18
49,2020-09-30 13:47:47,best_deals_US,"You'll like this one
Brady 25377 10"" Height, 14"" Width, B-401 Plastic, White Color Blank Sign

Offer price: $1.38 (90% OFF!)
Retail: $13.59

https://t.co/pCoQygNPwo

#Amazon #Amazon #HumpDay https://t.co/BuMBZFO26y",1.3113017183201485e+18
,date,screen_name,tweet,tweet_id
0,2020-09-30 13:43:54,MinteractApp,"#Options Flow Grid Update $AMZN #OptionsTrading #Amazon Shares ⬆️0.09% to $3,149.53 #OptionsFlow #optiontrading #amazonfresh #AmazonPrime #stocks #stock #StockMarket #investing #Investment #invest #investor https://t.co/5JE2nlrW3B https://t.co/cMqArJhmmr https://t.co/YP47OGKdU4",1.3113007447215268e+18
1,2020-09-30 13:42:03,robinsnewswire,"""Magnavox 300-Bulb Warm White LED Mini Light String Set (634659-278) only $3.97: eDeal Info"" #Amazon #Ebay #Walmart #Discounts #Coupons #Deals: https://t.co/QUdqKqhdYh",1.3113002757061059e+18
2,2020-09-30 13:43:48,CourrierPicard,"#Amazon : accusée de dissimuler l’ampleur des accidents du travail dans ses entrepôts, l’entreprise se défend https://t.co/Vw1wy3zVo6 https://t.co/0fTAZSEYvB",1.3113007182220861e+18
3,2020-09-30 13:43:35,nnnosu01,"明日から値上げ

／
新ジャンル 第３のビール
買うなら今日のうちに🍺
＼

🔽Amazon一覧
https://t.co/fytTmmIR3l

重いから家まで届けてくれるのも
助かります！

#新ジャンル #ビール #Amazon 
#増税 #ビール女子",1.31130066380501e+18
4,2020-09-30 13:44:00,DarleneLF,“Friendships that make this lovely hometown feeling come to life!” #Amazon #BookReview #HomeForChristmas @Cathlanigan #ShoresOfIndianLake #SmallTown #RomanceSeries #Holiday #Christmas #ContemporaryRomance #HarlequinHeartwarming https://t.co/PQPCIb5k4l #StillMomentsMag,1.3113007667501793e+18
5,2020-09-30 13:44:47,prkshtverma61,"#OnePlus8T5GAmazonQuiz
OneChoice.. OnePlus
#QuizTimeWithAmazon
@amazon @amazonIN 
@lakshaysaini50
#amazon
#AmazonQuiz
#TryYourLuck
#FingersCrossed https://t.co/kkesKUHy1v",1.311300964016509e+18
6,2020-09-30 13:42:03,robinsnewswire,"""Nordstrom Rack Home Organization Sale: Up to 50% off + free shipping w/ $100: Deal News"" #Amazon #Ebay #Walmart #Discounts #Coupons #Deals: https://t.co/dGGCvxSYij",1.3113002769601495e+18
7,2020-09-30 13:43:15,hirotoH8_24,Amazonほしい物リストを一緒に編集しましょう https://t.co/6Y0AJXJ9EQ #Amazon,1.3113005803593236e+18
8,2020-09-30 13:41:40,rakten_kaden_,"09/30 22:41

電気ポット 2.2L ブラック IAHD-022-
【楽天】5181円
【Amazon】5281円

★楽天で購入すると★
 100円 お得（お得率2％）

↓お得な情報を一覧で確認出来るサイト
https://t.co/kMQYxgL6Rh

#楽天市場 #Amazon #お得 #せどり https://t.co/4hC3x88jqU",1.3113001806505492e+18
9,2020-09-30 13:44:46,sarah_tshirt,"Are You Locking Eye-cashing T-shirt Design ?
** Only 7 days ( Per T-Shirt Design 1 USD )
.
More_Info: https://t.co/5etzQZ6Dbr   
.
.
#tshirt #tee #shirt #t_Shirt #web #banner #bulk #offer #logo #designer #design #WordPress #AdobeIllustrator #facebook #cover #designer #Amazon https://t.co/imTbzrgSil",1.3113009616676577e+18
10,2020-09-30 13:42:03,robinsnewswire,"""Raynic 20 Soothing Nature Sounds Sleep Machine with Projection only $13.20: eDeal Info"" #Amazon #Ebay #Walmart #Discounts #Coupons #Deals: https://t.co/VFLtFTaHtJ",1.311300275034927e+18
11,2020-09-30 13:42:19,prkshtverma61,"I played this interesting Quiz on Amazon-Play games at Amazon FunZone  https://t.co/nu8wIA5Rs8
#QuizTimeWithAmazon
@amazon @amazonIN 
@lakshaysaini50 @pks78600 @Taruna60601741
#amazon
#AmazonQuiz
#TryYourLuck
#FingersCrossed",1.3113003459899843e+18
12,2020-09-30 13:43:23,mFHfbbzpSaGvdAu,"#Prince のsign of the times
Amazonからの注文が信用できないので、タワーレコードのサイト見ていたら、店舗にはあるでないか
なので急遽店舗で置いといてもらうことにした
これで手に入る
助かった
次回からは #Amazon では買わん！",1.3113006125002752e+18
13,2020-09-30 13:42:03,robinsnewswire,"""Stamina 55-1420 BackTrac Back Massager only $34.99: eDeal Info"" #Amazon #Ebay #Walmart #Discounts #Coupons #Deals: https://t.co/S9gv0TCMxc",1.3113002776018412e+18
14,2020-09-30 13:38:03,creativemm12,"👉https://t.co/aFvRxs5qvq #amazon👈
💯👉Auto Follower👈💯
💯👉#自動相互フォロー👈💯

#TFW
#Bad #Bunny #Crocs
#Tottenham #vs #Chelsea
#Helen #Reddy
#followermachine
#TeamFollowBack
#固定ツイートRT
#followtrick
#TeamFollowback
#500ADay
#bts
#seventeen",1.311299269517701e+18
15,2020-09-30 13:42:47,sheffdeals,"Bulova Dress Watch for $222.98; retail $475

Click Link Below👇
https://t.co/rDLTCBwqP3

#deals #amazon #amazonprime #Debates2020 #debates #BlackTechTwitter #GoogleDoodle #developers #Debate2020 #PresidentialDebate2020  #tech #Apple #twitch #stream #ps5 #sheffdeals https://t.co/42otBJsWhd",1.3113004596180664e+18
16,2020-09-30 13:44:03,XperienceDope,"Blasting Run-DMC - Sucker MC's (Krush Groove) (Clean) right now on Pretty Dope Xperience Radio aka #BlackPandora

listen now and catch a wave!! https://t.co/VqKFopeoex  #nowplaying #np #RT  #NowStreaming #Streema Download Now #Alexa #GooglePlay #iOSAppStore #Amazon #",1.3113007810904474e+18
17,2020-09-30 13:44:37,ChollazosChina,"NEW BALANCE ‼️ #Amazon

👟New Balance Fresh Foam Evare, Zapatillas para Correr de Carretera para Hombre. A preciazo en muchos números!

✅OFERTA: 37,30€ ❌Habitual: 56,99€
📦 Enlace: https://t.co/bJwN4t3Yeu",1.3113009233318748e+18
18,2020-09-30 13:37:19,OfertacularRL,"‼️MINI PRECIO‼️ 👁‍🗨 #Ofertacular #Amazon #chollo #oferta #ganga

⚫️ Filtro de acero inoxidable para fregadero, lavabo o ducha

🛒: ➡️ https://t.co/C6CApGw2nR ⬅️ https://t.co/fBjMWpGHzl",1.311299083924054e+18
19,2020-09-30 13:44:02,smcla,"#Amazon introduces the Amazon One, a way to pay with your palm when entering stores – TechCrunch https://t.co/mMKZmiZPDN https://t.co/vgC9W8aIEk",1.311300776246096e+18
20,2020-09-30 13:40:01,MoxieDude,"Hello all ... With the 2nd wave coming, this project is so important! ""With Love, Comes Hope"" is an anthology of short stories &amp; essays from writers around the world. ALL proceeds go to those in need now. Available on #Amazon 

https://t.co/efUORIK7tu 

#author #blogger #writer https://t.co/n6tUnBGgt7",1.311299766597423e+18
21,2020-09-30 13:38:46,k_555yoru,"お疲れ様です🙇‍♂️

555 イベントです〜🎀 

Amazonギフトカード💳

5名様にプレゼント致します🎁
（1500円）

参加方法、フォローとRTをお願いします🙏

締め切りは10月3日の12時まで⚠️

沢山の参加お待ちしてます🎉

#プレゼント企画
#Amazon
#コロナに負けるな
#スカウトマン
#紹介 #幸せ者",1.3112994505062277e+18
22,2020-09-30 13:39:01,chollosyoferta,"#Chollo #Amazon 69% DESCUENTO ALPINA Granby Curry HM Red sph, Unisex Adult, One Size

Precio oferta: 82,81
Reacondicionado: 25,66

    👇👇👇👇👇👇👇
👉 https://t.co/0uVDfs44YR https://t.co/OvVKdSfrHe",1.3112995117221683e+18
23,2020-09-30 13:43:06,BimbsarSingh,"@Pepperfry most unprofessional service and poor interface to track the shipping. Check order no 306566750

 @AmbareeshMurty Pathetic experience by #Pepperfry not recommend - Premium pricing yet poor delivery.

#Amazon is still best for service.",1.3113005422163026e+18
24,2020-09-30 13:41:00,Haidji,“Let's dance through life like a transparent shadow until...” #books click https://t.co/Jv4IfW8cgV  #life #shadow #transparent #quoteoftheday #quotes #kindleunlimited #ebook #ku #goodreads #paperback #haidji #amazon #reading #bookquotes  #books #read #reading #book https://t.co/6MnCItljrh,1.311300011934638e+18
25,2020-09-30 13:44:18,deana_dietrich,"Last Chance! Would you like to win a $50 Amazon Gift Card or PayPal Deposit? Check out this easy entry Gleam giveaway for a chance to #WIN

Open Worldwide

@GooseGiveaways #wingiftcard #wincash #amazon #paypal #winmoney #sweepstakes #giveaways https://t.co/1wM4slUqdL",1.3113008436024074e+18
26,2020-09-30 13:42:31,TheInStockRoom,"***New Deal***
Eonlion Flexible Gas Can Repla...
Reduced from $27 to $17
Coupon code: 4UYYO69O
https://t.co/8L2euvxT3I
#Deals #newDeals #savings #Amazon https://t.co/l7cyUvt6KE",1.311300393369047e+18
27,2020-09-30 13:40:43,TAKU_301721,Amazonほしい物リストを一緒に編集しましょう https://t.co/eB53zEQuen #Amazon,1.3112999426112061e+18
28,2020-09-30 13:40:29,shadowuser16,https://t.co/DwysIb6ASn #ps5 #amazon #preorder,1.3112998825950822e+18
29,2020-09-03 18:26:48,LenovoLegion,"Lenovo Legion x @PlayApex
Now is your chance to rise above the rest. 
Unmatched performance, purposeful engineering, modern design.
Gear up with a machine as savage as you are.
Stylish outside.
Savage inside.",1.301587465258578e+18
30,2020-09-30 13:40:04,Lapequenaasia,"📱#Xiaomi Mi 10 Lite 
6GB 64GB
Precio: 2️⃣7️⃣3️⃣€
#Amazon

👉https://t.co/5iqxAHCT3V https://t.co/tki4B9RauU",1.311299776261034e+18
31,2020-09-30 13:41:37,RyanBergPhD,There was a suggestion amid the shouting in last night's debate that the best way to deal with the destruction of the #Brazilian #Amazon is with economic sanctions. This will antagonize the Brazilians and push them away precisely at the moment when we need them most. (1/2),1.3113001677322568e+18
32,2020-09-30 13:37:30,_KSterling_,"WHO DID THIS?! The K. stands for Ketamine. 
Get See How They Run On #Amazon and #KindleUnlimited NOW!: https://t.co/HfbLemfDzI https://t.co/IoeG2g9LYI",1.3112991311267553e+18
33,2020-09-30 13:44:00,hanicajodev,"Soccer Flash - Amazon Alexa Skill
https://t.co/vidyHPKJkn

⚽️ Receive live goal notifications on your Alexa
⚽️ Choose the teams to follow
⚽️ Full-time score notifications
⚽️ Never miss a goal again

 #Echo #Alexa #VoiceFirst #AI #Amazon #Football #PremierLeague #EFL #PLonPrime https://t.co/o2vq7sMGRL",1.311300766955524e+18
34,2020-09-30 13:43:02,just_drinks,"Amazon reviews can fuel beverage NPD - Nestle Waters digital head 
#softdrinks #Amazon https://t.co/QhT2A4psrt https://t.co/UIQYfxwcVZ",1.3113005260726477e+18
35,2020-09-30 13:39:47,XperienceDope,"Blasting Portrait - Here We Go Again! right now on Pretty Dope Xperience Radio aka #BlackPandora

listen now and catch a wave!! https://t.co/VqKFopeoex  #nowplaying #np #RT  #NowStreaming #Streema Download Now #Alexa #GooglePlay #iOSAppStore #Amazon #",1.3112997052767068e+18
36,2020-09-30 13:44:11,Charlie_Cawood,"B Young - Jumanji #bigtimeradio https://t.co/N76xPoatRr @Charlie_Cawood @BigTimeRadio1 @bigtime_news
 on #Amazon Echo &amp; App https://t.co/c7cZfm4MQo  #Top40 #Music 247 #Worldwide 3 #Radio #Stations 43 #Countries #Interviews #Billboard https://t.co/JiPHr6jZyC  #SUBMI",1.3113008151021117e+18
37,2020-09-30 13:37:36,DropBusinessTV,"Muchos está haciendo #dropshipping desde #marketplaces como #Amazon o #MercadoLibre pero esto conlleva pagar comisiones, el mejor #Consejo es buscar al proveedor directamente y plantearle el esquema de dropshipping, la mayoría aceptará ya que están acostumbrados a este modelo. https://t.co/MZnmboHyLf",1.311299158813401e+18
38,2020-09-30 13:42:03,robinsnewswire,"""Puma Private Sale: Up to 70% off on Select Styles: eDeal Info"" #Amazon #Ebay #Walmart #Discounts #Coupons #Deals: https://t.co/c3E9Ab5904",1.3113002763939185e+18
39,2020-09-30 13:43:11,hdelg,#Amazon planta cara a Spotify tirando los precios y ofrece hasta 4 meses de Music Unlimited por menos de 1 euro https://t.co/ogWEqFYzdX,1.3113005620723425e+18
40,2020-09-30 13:39:47,NewPageResearch,#ecommerce #amazon #businessowner #research #international https://t.co/AfcxwwX4gk,1.311299706329469e+18
41,2020-09-30 13:44:32,chollosyoferta,"#Chollo #Amazon 52% DESCUENTO De la Torre de Revestimiento de cerámica T80305 28 cm sartén

Precio oferta: 28,81
Reacondicionado: 13,63

    👇👇👇👇👇👇👇
👉 https://t.co/PoWiGtKKK0 https://t.co/T9HFlOLpt4",1.3113009019031388e+18
42,2020-09-30 13:42:37,CoolDealCA,"💲💰
Eonlion Flexible Gas Can Repla...
Reduced from $27 to $17
Coupon code: 4UYYO69O

# #Deals #new #Deals #savings #Amazon  #Deal #ganga

 https://t.co/EkWzKlvtCo https://t.co/LieAuBY5U3",1.3113004184467292e+18
43,2020-09-30 13:38:58,CoolDealCA,"DualShock 4 Wireless Controller for #PlayStation 4 back in stock!

*These have been sold out on #Amazon  for awhile. 

 #Deal #ganga

 https://t.co/vT40hsRyxz",1.3112995005484687e+18
44,2020-09-30 13:40:31,Aerowest_Intl,"""Amazon One has shoppers pay at stores by putting the palm of one’s hand over a scanner when they come in or leave. To use this tech, customers must first register by inserting a payment card into a reader—one time only.""
#TechNews #amazon #facman
https://t.co/cge7V84yEd",1.3112998898847293e+18
45,2020-09-30 13:38:23,amzn_ofertas,"📚 Geração de Valor 2 por Da Silva, Flávio Augusto via #Amazon

De: ❎ R$ 49,90 (75% de desconto)

Por:✔️ R$12,50

🛒 https://t.co/J67jfXZ0n8
https://t.co/J67jfXZ0n8",1.3112993564238684e+18
46,2020-09-30 13:37:48,SyuraNyako,アユート AZLA SednaEarfit XELASTEC [イヤーピース MS/M/MLサイズ各1ペア] 独KRAIBURG... https://t.co/nCheqH1M8m #Amazon,1.3112992058187735e+18
47,2020-09-30 13:41:22,klp1965,GIVEAWAY! Enter to #win a $10 #Amazon gift card? Go enter the #giveaway daily for your chance to win from @thatsjustjeni Go enter   https://t.co/5xIqTeAfoo,1.3113001031357276e+18
48,2020-09-30 13:41:07,alaa_express,Simplee Faux lambswool thick women jacket coat plus size Winter warm hairly jacket Women autumn outerwear female 👉https://t.co/zATtl1CvWF👈 #dubai #usa #sales #offer #amazon #ebay #alixpress #fashion #style #saudi https://t.co/ofKd361N0W,1.3113000403217162e+18
49,2020-09-30 13:41:31,lablibredigital,"#Infografía 🌐 | ¿Sabes cuáles son las marcas de empresas tecnológicas más grandes del mundo en 2020? El grupo de compañías #BigTech estadounidenses #Microsoft, #Amazon, #Alphabet y #Facebook encabezan la lista de las 100 empresas más poderosas del mercado. 🌎 https://t.co/LnBfUI1bhp",1.3113001426837504e+18
,date,screen_name,tweet,tweet_id
0,2020-09-30 13:35:16,kana_ogawa,"【男性アイドルDVD】ベスト10
ARASHI BLAST in Hawaii(通常盤) [Blu-ray]
https://t.co/mZLrAiXxpq #Amazon",1.311298570738217e+18
1,2020-09-30 13:35:05,MagdaDJG,"¡RECOMENDACIÓN!
ÚLTIMO TRABAJO DEL AUTOR
@torres_escritor
, ""EL SUICIDA QUE NO PODIA MORIR"" un thriller súper intenso y adictivo. La trama es dura, y con un trasfondo de realidad para reflexionar. 
@MagdaDJG
 
@ADVANCEBOOKS777

#Amazon: https://t.co/SEdg3IUfp6 https://t.co/lT0ipFLoeW",1.3112985246639063e+18
2,2020-09-30 13:35:37,kana_ogawa,"【男性アイドルDVD】ベスト10
超者ライディーン コレクターズDVD 【想い出のアニメライブラリー 第114集】
https://t.co/aephXCP8dL #Amazon",1.3112986593470956e+18
3,2020-09-30 13:37:18,hispachollos,"🌀 Procos 10118255 Set de fiesta con diseño de Spiderman, 52 piezas. #Amazon 🇪🇸

💶 Precio oferta: 12,5€ 💥 (PVP normal: 15,02€)

💳 Enlace: https://t.co/OfJCOxuRsM

✨ 30 días gratis de Amazon Music Unlimited : https://t.co/dnJe9X8AvY

👁 ...
https://t.co/39fmTcYOS8
#chollo",1.3112990819695043e+18
4,2020-09-30 13:36:17,Kelm_Amalyze,"Ich halte meine erste ""Keynote"" auf dem #Amazon Seller Day in Leipzig am 08.10.2020

""Ein Kelm wer Böses dabei denkt –
was dir über Amazon keiner zu sagen wagt""

""Amazon hat einen unfairen Vorteil und ihr nicht!""

SPOILER:
""Amazon ist der unfaire Vorteil und ihr nutzt ihn nicht!"" https://t.co/ELE2eOzN3Q",1.311298824179245e+18
5,2020-09-30 13:34:44,soreton,"バンダイチャンネル、Amazonのファイヤスティックtvなんだけど、再起動しても、再インストールしても再生されなくなってしまったよ。
#バンダイ　#バンダイチャンネル
 #Amazon https://t.co/mn487UjjEj",1.311298435224486e+18
6,2020-09-30 13:32:13,GbkhelloHello,"Get ready for new experiences with new Amazon Explore option!  This is a new way of selling goods and services. Check out what's so great about it: https://t.co/X1xvOTrd70
#amazon #marketplace #CustomerService #CustomerExperience #TechNews #BreakingNews #development #business",1.3112978026103194e+18
7,2020-09-30 13:35:13,creativemm12,"👉https://t.co/XLGgDtTj9C #amazon👈
💯👉Auto Follower👈💯
💯👉#自動相互フォロー👈💯

#相互フォロー100
#Yankees
#Titans
#Helen #Reddy
#500ADay
#followermachine
#TFW
#f4f
#固定ツイートRT
#固定RT
#TeamFollowBack
#1000ADay",1.3112985591955374e+18
8,2020-09-30 13:35:32,kana_ogawa,"【男性アイドルDVD】ベスト10
=LOVE 1stコンサート「初めまして、＝LOVEです。」 (BD) (特典なし) [Blu-ray]
https://t.co/ZsVO1PcxZK #Amazon",1.3112986374109102e+18
9,2020-09-30 13:32:24,vranasweep,Love Speculative Fiction? #Win a Mega Book Gift Basket in this #Amazon &amp; #Goodreads #Giveaway via @sffbookbonanza: https://t.co/onHCUxpKfV,1.311297849531994e+18
10,2020-09-30 13:36:19,deep__wreck,"Watching The #Boys season2. 
This Kenji guy’s Japanese is so damn poor, I’m doubting Liz Friedlander’s decency. Hire someone who can speak proper Japanese, or drop the FAKE Japanese sequence and stick to English. #Amazon, use some common sense.",1.3112988361958072e+18
11,2020-09-30 13:35:05,JARios_autor,"¡RECOMENDACIÓN!
ÚLTIMO TRABAJO DEL AUTOR
@torres_escritor
, ""EL SUICIDA QUE NO PODIA MORIR"" un thriller súper intenso y adictivo. La trama es dura, y con un trasfondo de realidad para reflexionar. 
@MagdaDJG
 
@ADVANCEBOOKS777

#Amazon: https://t.co/70vEkgn95L https://t.co/29xNsakikF",1.3112985255783096e+18
12,2020-09-30 13:35:31,FRIKIdelTO,"el MEJOR TRUCO para comprar 🌀BARATO🌀 ONLINE 2020 #Amazon, #AliExpress, #Banggood, #PCComponentes...)
https://t.co/FLKbRaQvgL https://t.co/zoaLVvPO07",1.3112986319836652e+18
13,2020-09-30 13:36:40,rakten_kaden_,"09/30 22:36

シチズン ( CITIZEN ) シチズン 超音波
【楽天】7623円
【Amazon】8526円

★楽天で購入すると★
 903円 お得（お得率12％）

↓お得な情報を一覧で確認出来るサイト
https://t.co/kMQYxgL6Rh

#楽天市場 #Amazon #お得 #せどり https://t.co/wr79PoYJk2",1.3112989205138555e+18
14,2020-09-30 13:36:04,HydeChan5,"@ipacglobal @MiriamMLex Totally Unfair!
#China is BANNING #Google, #Facebook, #Youtube, #Wiki, #Twitter, #Yahoo, #Reddit, #Blogspot, #Instagram, #Twitch, #Tumblr, #Pinterest, #Amazon, #Imgur, #WhatsApp, #Dailymotion, #Medium, #Vimeo, #Quora, #HBO, etc.
Please ban all Chinese apps and products.",1.311298771460866e+18
15,2020-09-30 13:33:01,designer_rings,"Golden Sheen Obsidian 925 Sterling Silver Bold Ring by SilverDesignerRings https://t.co/LvXgrRNv7k via @Etsy 
Email : silverdesignerrings@gmail.com
Shop : https://t.co/UDhVvFccEy

#silverdesignerrings #handmaderings #rings #gemstonerings
#etsy #alibaba #amazon #statementrings",1.311298005383803e+18
16,2020-09-30 13:34:11,Mijinkoyuko,"編集協力させていただいた本が発売されます。算数障害をもつ子の数の理解と計算力を身につけるためのドリルです。 #算数障害 #LD #特別支援教育 
特別支援教育で役立つ たし算・ひき算の計算ドリル-算数障害のある子への指導法もわかる (ヒューマンケアブックス) https://t.co/hX4LVLkqV3 #Amazon",1.3112982971312333e+18
17,2020-09-30 13:35:48,kana_ogawa,"【男性アイドルDVD】ベスト10
ヒョンビン　デビュー10周年記念コレクションＤＶＤ「HARMONIOUS－HIS MEMORY HIS STORY SINCE 2002」 [DVD]
https://t.co/JVFo8Ny7GI #Amazon",1.3112987031985725e+18
18,2020-09-30 13:37:02,CoolDealCA,"Get #Business only pricing 📉 at #Amazon
https://t.co/1KxcShCdc5 https://t.co/v9PmWDlwQr",1.311299016316117e+18
19,2020-09-30 13:33:53,mybabychoose,"Chicco Keyfit 30 Infant Car Seat - Iron, Black https://t.co/5aJiS6SWpj #baby #parenting #family #usa #amazon #trending #fashion #babygirl #babyboy #gifts @amazon #holiday #blackfriday #thanksgiving #cybermonday https://t.co/HcYOnhcDJd",1.3112982218771948e+18
20,2020-09-30 13:35:11,CoolDealCA,"G20 Compact #Gaming Keyboard for $14.99 🔥

Logitech M330 Silent Plus Wireless Mouse for $14.99!!

#freebies #deals #deal #moneysaver #greatdeal #steals #discount #sale #bargain #bargainshopper #bestprice #Amazon  #Deals #giveaway #Deal #ganga

 https://t.co/FRWVl1u6Kj https://t.co/IVfoCf20ev",1.3112985477704458e+18
21,2020-09-30 13:35:45,AmazonCoin_io,"AmazonCoin ⬇
$AMA ➡ $0,0178

👉👉 https://t.co/GydSZXKIno 🌿

#amazoncoin #amazon #nature #decentralized #green #cryptocurrencies #cryptocurrency #crypto #defi #dex #cryptonews #ethereum #ether #eth #blockchain #coin #token #ico #tokensale #startup #bitcoin  #btc $BTC $ETH https://t.co/UxzT7847w5",1.3112986928429588e+18
22,2020-09-30 13:36:33,OnBRM,"Google, Facebook, Amazon, Apple and other U.S. tech giants could be banned from favouring their services in EU https://t.co/hPu1KxQFUW #Google #Facebook #Amazon #Apple #antitrust #EU #DigitalServicesAct",1.3112988923115274e+18
23,2020-09-30 13:35:06,kana_ogawa,"【男性アイドルDVD】ベスト10
Summer Paradise 2017[DVD]
https://t.co/Yjv1uCzVrG #Amazon",1.3112985266771395e+18
24,2020-09-30 13:33:13,himitsu5ch,時給80万円で2000年働いてもAmazonのCEOジェフ・ベゾスの富には追いつけな ... https://t.co/bh7zbKy4lb #amazon #労働,1.3112980526326333e+18
25,2020-09-30 13:34:36,mario_luidenz,Reflexão do dia: #Apple #Amazon #Google #Disney https://t.co/ARhJUEki8C,1.311298401523372e+18
26,2020-09-30 13:35:37,um__brella__,Pengtd コンパチブル Apple Watch バンド 38mm 40mm 42mm 44mm アップルウォッチ バンド 交換ベ... https://t.co/KZZWmFwwxU #Amazon,1.311298657145168e+18
27,2020-09-30 13:35:05,ADVANCEBOOKS777,"¡RECOMENDACIÓN!
ÚLTIMO TRABAJO DEL AUTOR
@torres_escritor
, ""EL SUICIDA QUE NO PODIA MORIR"" un thriller súper intenso y adictivo. La trama es dura, y con un trasfondo de realidad para reflexionar. 
@MagdaDJG
 
@ADVANCEBOOKS777

#Amazon: https://t.co/0W6KP7L8Hc https://t.co/E1X4dK87kV",1.3112985240474624e+18
28,2020-09-30 13:37:05,INDIEBOOKSOURCE,"MEMOIR'S OF THE SENATOR'S WIFE
https://t.co/AvaQKe3PdE
AUTHOR S.M. FORD
#Books #Authors #IARTG #Reading #Kindle #Amazon #ReadIndie  #indieauthors #ian1 #Londonislovinit #bookboost #mybookagents https://t.co/2deiPFmTRS",1.311299025312809e+18
29,2020-09-30 13:33:05,AmazonAlexaTips,"Coming Soon: Amazon's newest Echo Show device, the Echo Show 10, will offer users access to Netflix (#Netflix subscription required). https://t.co/PItdUmO5AF

#VoiceFirst #Amazon #Alexa #Tech #Technology #Movies #TV",1.3112980195900498e+18
30,2020-09-30 13:36:00,hanicajodev,"Old Time Radio - Amazon Alexa Skill
https://t.co/HkxGQVVCxh

🔊 Immersive vintage radio
🔊 Non-stop Old Time Radio shows
🔊 Vintage commercials
🔊 You choose the shows
🔊 You choose the genre

What shows can I play? https://t.co/xKa7D8Wrzm

#Echo #Alexa #VoiceFirst #AI #Amazon https://t.co/BqIg4vWDUe",1.311298753618301e+18
31,2020-09-30 13:37:01,zazoomblog,Amazon Prime Day 2020: data cos’è e quando inizia -  #Amazon #Prime #2020: #cos’è #quando  https://t.co/bsdLrMTHZ4,1.3112990119624417e+18
32,2020-09-30 13:33:16,hispachollos,"Polygel nail kit,Anself 3 colores 15ml de gel de polietileno   100Pcs Moldes de clavos   Lámpara de uñas   Lima de uñas   Pluma de cristal   Clip de uñas  #Amazon 🇪🇸

⚡ Precio con Cupón: 10,9€

🎯 Código cupón: FJJBS45V

❌ Precio ante ...
https://t.co/u2UrV0iEer
#chollo",1.3112980676694098e+18
33,2020-09-30 13:35:01,BcgAffiliate,"It's a boy! #design on @3dRoseLLC and @amazon!
https://t.co/4xI2agylKQ
Sold 2! Thank you to the buyers!
#amazon #3drose #babyshower #family #giftguide #giftideas #baby #preggers #itsaboy",1.3112985056763945e+18
34,2020-09-30 13:35:27,kana_ogawa,"【男性アイドルDVD】ベスト10
HT~赤道の真下で、鍋をつつく~ [DVD]
https://t.co/8G8s8xzm0p #Amazon",1.3112986152649974e+18
35,2020-09-30 13:32:14,vranasweep,Love Fantasy &amp; SciFi? #Win a $100 #Amazon #GiftCard in this month's mega #BookBub #Giveaway via @sffbookbonanza: https://t.co/U2xgEp5yno,1.3112978047452242e+18
36,2020-09-30 13:34:07,sheffdeals,"USB Gaming /Podcast Microphone Zero Latency for $74.79; retail $87.99

Click Link Below👇
https://t.co/f6zSdZ8bsF

#deals #amazon #amazonprime #Debates2020 #debates #BlackTechTwitter #GoogleDoodle #developers #InternationalPodcastDay  #tech #Apple #twitch #stream #ps5 #sheffdeals https://t.co/Kpn25Y4G52",1.3112982816543662e+18
37,2020-09-30 13:32:19,vranasweep,Love Speculative Fiction? #Win a $100 #Amazon #GiftCard in this #Facebook &amp; #Twitter #Giveaway via @sffbookbonanza: https://t.co/Z1cIvu8PJ1,1.3112978267988664e+18
38,2020-09-30 13:36:23,GratisCasi,"⁠ MINI PRECIO #Amazon

Filtro de acero inoxidable para fregadero, lavabo o ducha

AHORA 1.41€
Antes 1.56€ (- 0.15€)

: https://t.co/9D9UB0j80E

Más chollos en OFERTACULAR
https://t.co/1aLHIgE0D3 https://t.co/nnCan0ZKk6",1.3112988490388849e+18
39,2020-09-30 13:36:34,yuyu04221,( ᵒ̴̶̷̥́ωᵒ̴̶̷̣̥̀ ) https://t.co/GHCtgMSH3J #Amazon,1.3112988987202232e+18
40,2020-09-30 13:35:43,kana_ogawa,"【男性アイドルDVD】ベスト10
麗(レイ)~花萌ゆる8人の皇子たち~ BOX2 (コンプリート・シンプルDVD-BOX5,000円シリーズ)(期間限定生産)
https://t.co/TDa4KDoFKA #Amazon",1.3112986812078858e+18
41,2020-09-30 13:35:06,XperienceDope,"Blasting Lord Tariq &amp; Peter Gunz - Deja Vu (Uptown Baby)  right now on Pretty Dope Xperience Radio aka #BlackPandora

listen now and catch a wave!! https://t.co/VqKFopeoex  #nowplaying #np #RT  #NowStreaming #Streema Download Now #Alexa #GooglePlay #iOSAppStore #Amazon #",1.3112985273735168e+18
42,2020-09-30 13:37:02,AmazonNewsFR,AMAZONCAMPUSCHALLENGE Rendez-vous maintenant sur twitch pour suivre la finale de l’Amazon Campus Challenge et découvrir les nouveaux entrepreneurs de demain https://t.co/Ugkk4sWwVP #finale #amazon #etudiants #entreprises #ecommerce #challengeentrepreneurial,1.3112990161734205e+18
43,2020-09-30 13:35:11,kana_ogawa,"【男性アイドルDVD】ベスト10
5×20 All the BEST!! CLIPS 1999-2019 (通常盤) [DVD]
https://t.co/GuyEO0M1v8 #Amazon",1.3112985486678303e+18
44,2020-09-30 13:35:21,kana_ogawa,"【男性アイドルDVD】ベスト10
HT ~N.Y.の中心で、鍋をつつく~[DVD]
https://t.co/V5WL22urLv #Amazon",1.3112985929303204e+18
45,2020-09-30 13:33:29,Ugotowened,"Winnia is giving away a $50 #Amazon gift card in celebration of its official launch 🎁

Enter now 👇👇 https://t.co/UlWAue0bPc",1.3112981209454592e+18
46,2020-09-30 13:33:32,elsuperchollo,"Rebajado ⏬⏬ #Amazon 

Globe - Tilt-Kids, Zapatillas de Deporte Unisex niños 

Descuentazo de locos 71% 

💵 Precio desde 21,51 EUR (Amazon Prime)

🔰 Enlace: https://t.co/kbJ7MsYHRE 

🌐 https://t.co/Mw9W7Jn2GM https://t.co/ynOk9Gd3Pp",1.3112981344007987e+18
47,2020-09-30 13:36:25,azumoccos,"埼玉誕生150周年☆
私が選ぶ150周年を彩る  #ロゴマーク はこれだ！
@saitama150th ではプレゼントCPを実施中！～10/12
抽選で20名に  #Amazon  #ギフト券 500円分を  #プレゼント ♪
 https://t.co/FoENH7N53s",1.3112988599983923e+18
48,2020-09-30 13:36:40,Mencha_t,"#Amazon
https://t.co/ypzzlPvhUp",1.31129892323593e+18
49,2020-09-30 13:35:00,kana_ogawa,"【男性アイドルDVD】ベスト10
THE IDOLM@STER SideM 3rdLIVE TOUR ~GLORIOUS ST@GE!~ LIVE Blu-ray Side MAKUHARI (通常版)
https://t.co/tsvUyGhFxA #Amazon",1.3112985044641137e+18
,date,screen_name,tweet,tweet_id
0,2020-09-30 13:31:37,wwwmanymerrycom,#am͜a͉zon ストア https://t.co/3UUNIdUpqN で、上品なカラーを揃えた #ニット をお買い得なプライスで数量限定販売中です。#スイスコットン #ピマコットン #イタリア糸 を使用した #上質ニット を是非この機会に…#セーター #編み物 #手編み #ニットカフェ #かぎ針 B,1.311297650877018e+18
1,2020-09-30 13:30:45,JCoulterJ,"Happy Wednesday ! Today on September 30th, 2020, it’s National Love People Day!#NationalLovePeopleDay

Check out Amazon’s DEALS OF THE DAY https://t.co/2VyObpg8HN

FREE Amazon Prime 30-Day Trial: https://t.co/CJyyVOTdvH 

#WednesdayThoughts #rt #F4F #amazon #shopping #Deals https://t.co/FcLsaTiItZ",1.3112974350467318e+18
2,2020-09-30 13:30:02,YabRock,Master of Puppets（メタル・マスター） / #Metallica https://t.co/g8mNmCJyVs #HardRock #HeavyMetal #アマゾン #Amazon #AmazonJP,1.3112972542049976e+18
3,2020-09-30 13:30:31,ChrisGeekWorld,"Retrouver tous les bons plans #Amazon, tous les codes promos disponibles, les coupons de réductions, et toutes les ventes flash. Vous aurez également accès aux événements à venir. ici : https://t.co/wC9pOUJISq #coupons #réductions #BonsPlans #CodesPromos #geekerie #ChrisTec https://t.co/qDE2FWFxgO",1.311297374569091e+18
4,2020-09-30 13:32:09,designer_rings,"Turquoise Silver Ring- Oyster Turquoise Ring by SilverDesignerRings https://t.co/FzVUTIblfz via @Etsy 
Email : silverdesignerrings@gmail.com
Shop : https://t.co/UDhVvFccEy
#silverdesignerrings #handmaderings #rings #gemstonerings
#etsy #alibaba #amazon #statementrings #womenrings",1.3112977857658511e+18
5,2020-09-30 13:31:28,ageS_cinoS2012,"Last Chance! Would you like to win a $50 Amazon Gift Card or PayPal Deposit? Check out this easy entry Gleam giveaway for a chance to #WIN

Open Worldwide

@GooseGiveaways #wingiftcard #wincash #amazon #paypal #winmoney #sweepstakes #giveaways https://t.co/OcvMOAW9eb",1.3112976133423104e+18
6,2020-09-30 13:30:41,Rakuten_Amazon5,パソコン周辺機器の通販ならhttps://t.co/9LKnBhtBSy 全品配送無料(一部を除く) お買い得商品、セール品、中古品も随時開催中。豊富な品ぞろえ＆代引きOKで快適なオンライン･ショッピング... https://t.co/atDiTAGxj9 #pc #win #mac #amazon,1.3112974174178796e+18
7,2020-09-30 13:28:34,ChollazosChina,"ANYCUBIC PHOTON ‼️ #Amazon 

⏺ Oferta flash para la impresora de resina Anycubic photon.

✅OFERTA: 195,49€ ❌Habitual: 259,99€
📦 Enlace: https://t.co/se1qGr0S8V",1.3112968848421478e+18
8,2020-09-30 13:29:06,creativemm12,"&lt;Current Weather&gt;
Los Angeles
Temperature: 70.48°F/ Status: clear
👉https://t.co/Z9hB79OF5n #amazon👈
💯👉Auto Follower👈💯
💯👉#自動相互フォロー👈💯

#拡散希望RTお願いします
#Bad #Bunny #Crocs
#Titans
#Eric #Trump
#RT企画
#TFB
#拡散希望RTお願いします",1.3112970168995963e+18
9,2020-09-30 13:28:18,nikoniko01092,"買い物サイト　ECナビ
2020年7月1日～7月31日の間に新規登録で
#アマゾンギフト券　1000円分もらえる♪

ECナビを通して　#Amazon　#楽天　などで買い物をするとポイントが貯まる♪

https://t.co/T0HKJghQgM",1.3112968164873871e+18
10,2020-09-30 13:30:03,amazon_rankinQ,"【ポータブルスピーカー】
【改善版】Anker Soundcore 2 (12W Bluetooth5.0 スピーカー 24時間連続再生)【完全ワ...
￥4,999
https://t.co/3S6unumyDy
#amazon",1.311297256578982e+18
11,2020-09-30 13:30:38,TheInStockRoom,"***New Deal***
Venshine Men's Casual Leather ...
Reduced from $40 to $32
Coupon code: N3M5D7FQ
https://t.co/vRIJCHWVtP
#Deals #newDeals #savings #Amazon https://t.co/UZTNdLfb7z",1.3112974052881654e+18
12,2020-09-30 13:28:20,sheffdeals,"Condenser Recording Microphone Podcast for $26.99; retail $30.99

Click Link Below👇
https://t.co/Bp2055hbk4

#deals #amazon #amazonprime #Debates2020 #debates #BlackTechTwitter #GoogleDoodle #developers #InternationalPodcastDay  #tech #Apple #twitch #stream #ps5 #sheffdeals https://t.co/BgJPIzgXte",1.3112968248426168e+18
13,2020-09-30 13:30:48,humanwatches,Aquaracer Black Dial Quartz Mens Watch WAY111A.BA0928 https://t.co/fBQBSUT5jk #watches #clock #jewelry #trends #fashion #amazon #gifts #giftideas @amazon #holiday #blackfriday #thanksgiving #cybermonday https://t.co/N9h5PyIihu,1.3112974448320635e+18
14,2020-09-30 13:30:39,psychologybook1,An introverts handbook on how to deal with the world around them https://t.co/XJOHd858eZ #psychology #amazon #introvert,1.3112974072342528e+18
15,2020-09-30 13:30:48,yuki_nagase,"【女性アイドルDVD】ベスト10
藤乃あおい タイトル未定(仮) [DVD]
https://t.co/miWSfpVs4a #Amazon",1.3112974451087524e+18
16,2020-09-30 13:30:37,yuki_nagase,"【女性アイドルDVD】ベスト10
村上りいな キミとボクの秘密 [DVD]
https://t.co/DBu2F2FoGG #Amazon",1.311297401378939e+18
17,2020-09-30 13:31:55,sheffdeals,"USB Gaming / Podcast Condenser Microphone for $33.99; retail $41.99

Click Link Below👇
https://t.co/p5rHjWPoyg

#deals #amazon #amazonprime #Debates2020 #debates #BlackTechTwitter #GoogleDoodle #developers #InternationalPodcastDay  #tech #Apple #twitch #stream #ps5 #sheffdeals https://t.co/gaHGxNUyVX",1.311297727553327e+18
18,2020-09-30 13:28:37,karuta_izumi,"と、ある日のすごくふしぎ https://t.co/4XYuOOJf2V #Amazon

いつのまにか夏次系の新刊が出ているやんけ〜〜〜〜！！！！",1.3112968951515668e+18
19,2020-09-30 13:30:11,consejosparaVD,"Entra en una historia llena de magia y acción. No importa que hagas, tu destino siempre será el mismo. ▶️https://t.co/vWhQxOE3rT ⬇️📚#Amazon https://t.co/NCYaFl4IYG",1.311297288803881e+18
20,2020-09-30 13:29:00,mokanosuke11,"新型コロナウイルスだからお家で読書
 
anan(アンアン) 2020/08/19号 No.2212[愛とSEX/山田涼介]
Amazon ベストセラー1位

#新型 #コロナウイルス #感染 #消毒 #厚生労働省 #自宅待機 #読書 #本  #Amazon #アマゾン #写真集 #ベストセラー1位 #山田涼介 #anan https://t.co/MVAsxgjord",1.3112969917968794e+18
21,2020-09-30 13:30:27,yuki_nagase,"【女性アイドルDVD】ベスト10
ソラ豆琴美 蜜恋 GRAVD-0058N [DVD]
https://t.co/XIKgwdu0xf #Amazon",1.3112973569150444e+18
22,2020-09-30 13:30:00,yuki_nagase,"【女性アイドルDVD】ベスト10
橋本ひかり 眩しすぎて [DVD]
https://t.co/pbHUGyujQ2 #Amazon",1.311297246344876e+18
23,2020-09-30 13:31:39,rakten_kaden_,"09/30 22:31

Panasonic シェーバー洗浄充電器専用洗浄剤
【楽天】746円
【Amazon】4650円

★楽天で購入すると★
 3904円 お得（お得率523％）

↓お得な情報を一覧で確認出来るサイト
https://t.co/kMQYxgL6Rh

#楽天市場 #Amazon #お得 #せどり https://t.co/WxenbW5SkD",1.3112976603729388e+18
24,2020-09-30 13:30:21,CoolDealCA,"RUNMUS #Gaming #Headset for $25.64!! (Retail: $42.99)

#freebies #deals #deal #moneysaver #greatdeal #steals #discount #sale #bargain #bargainhunter #bargainshopper #cheap #bestprice #Amazon  #Deals #giveaway #Deal #ganga

 https://t.co/goyygBkzkl https://t.co/N2gZGx5u5t",1.3112973334564495e+18
25,2020-09-03 18:26:48,LenovoLegion,"Lenovo Legion x @PlayApex
Now is your chance to rise above the rest. 
Unmatched performance, purposeful engineering, modern design.
Gear up with a machine as savage as you are.
Stylish outside.
Savage inside.",1.301587465258578e+18
26,2020-09-30 13:27:42,9930_ganesh,"#HandicraftsMelaQuiz
#AmazonQuiz 
#Amazon https://t.co/kke3YOM80e",1.3112966672373187e+18
27,2020-09-30 13:32:11,domadomad,【ＭＨＦ】モンスターハンター フロンティア  フォワード.3 プレミアムパッケージ(豪華14特典+GMS同梱) 　https://t.co/rHQt9APgfA #amazon,1.3112977960377303e+18
28,2020-09-30 13:28:36,Charlie_Cawood,"Matt Simons - We Can Do Better #bigtimeradio https://t.co/N76xPoatRr @Charlie_Cawood @BigTimeRadio1 @bigtime_news
 on #Amazon Echo &amp; App https://t.co/c7cZfm4MQo  #Top40 #Music 247 #Worldwide 3 #Radio #Stations 43 #Countries #Interviews #Billboard https://t.co/JiPHr6jZyC  #SUBMI",1.311296893629223e+18
29,2020-09-30 13:30:18,buybooks_amazon,#BestBooks #Amazon #Novel : AMERICAN HOUSEWIFE: STORIES --&gt; https://t.co/ilopgT0whG,1.311297318834983e+18
30,2020-09-30 13:30:03,XperienceDope,"Blasting N2Deep - Back To The Hotel (Dirty) right now on Pretty Dope Xperience Radio aka #BlackPandora

listen now and catch a wave!! https://t.co/VqKFopeoex  #nowplaying #np #RT  #NowStreaming #Streema Download Now #Alexa #GooglePlay #iOSAppStore #Amazon #",1.311297255622742e+18
31,2020-09-30 13:30:10,VT_syu_,"通知ON勢必見🐾❤

30以内にRT❗

今回は
︎︎︎︎☑︎@VT_Go1d と
     @VT_syu_ をフォロー

︎︎︎︎︎︎☑︎欲しいギフカをリプ
   1500円✖️1名

#プレゼント企画
#Amazon
#iTunes",1.3112972857461146e+18
32,2020-09-30 13:30:06,yuki_nagase,"【女性アイドルDVD】ベスト10
及川 麗/最恋 [DVD]
https://t.co/WCngoKTzxj #Amazon",1.3112972682223165e+18
33,2020-09-30 13:30:43,yuki_nagase,"【女性アイドルDVD】ベスト10
牧野澪菜 聖澪 【DVD】
https://t.co/ltAqw4mhO5 #Amazon",1.3112974232690033e+18
34,2020-09-30 13:30:32,yuki_nagase,"【女性アイドルDVD】ベスト10
東雲うみ/うみんCHU! [DVD]
https://t.co/fQLWfyJiUv #Amazon",1.3112973790064394e+18
35,2020-09-30 13:30:16,Libreria_Mundo,"Entra en una historia llena de magia y acción. No importa que hagas, tu destino siempre será el mismo. ▶️https://t.co/quBJXfff3K ⬇️📚#Amazon https://t.co/UTuDi43H5R",1.3112973129085092e+18
36,2020-09-30 13:31:47,elsuperchollo,"🌊 Tsunami de rebajas #Amazon 

Globe - Fusion, Zapatillas de Deporte para Niños 

⬇⬇⬇ Bajón del 26% 

💵 Precio desde 70,40 EUR (Amazon Prime)

🔰 Enlace: https://t.co/eSBZvgVRvc 

🌐 https://t.co/GZgLDXLDwQ https://t.co/ptVhrTIIub",1.311297693138985e+18
37,2020-09-30 13:29:22,Texas_Storm84,"Do you love a great #cozymystery? If so, check out this excerpt from THE LIGHT CATCHER MURDERS by Jo Cassie McRae, and enter the #GIVEAWAY to #win a $50 #Amazon or Barnes &amp; Noble #giftcard on my blog. @GoddessFish https://t.co/6OZPfPTUE1 https://t.co/kzYf12GOk0",1.3112970845370819e+18
38,2020-09-30 13:31:38,Kittey2212,@kk15691122 Amazonほしい物リストを一緒に編集しましょう https://t.co/pPUX8V3p6Z #Amazon,1.3112976558976492e+18
39,2020-09-30 13:30:44,CoolDealCA,"💲💰
Venshine Men's Casual Leather ...
Reduced from $40 to $32
Coupon code: N3M5D7FQ

# #Deals #new #Deals #savings #Amazon  #Deal #ganga

 https://t.co/A5o0oC6NSl https://t.co/qvchNlijaZ",1.3112974304246292e+18
40,2020-09-30 13:30:18,Nick_Braker,"@bl98 ✨ESSENCE CHRONICLES✨

Book 3: Amber has released! 

The action packed conclusion to the Essence series is available now on Audible!

Also available in Paperback, and E-book formats.
#scifi #sciencefiction #audible #ebook #AmazonKindle #Amazon 

https://t.co/eStucsJEqA",1.3112973209406013e+18
41,2020-09-30 13:30:22,yuki_nagase,"【女性アイドルDVD】ベスト10
西本ヒカル 初めてのグラビア [DVD]
https://t.co/j9NNlNvaqR #Amazon",1.311297335016579e+18
42,2020-09-30 13:30:11,yuki_nagase,"【女性アイドルDVD】ベスト10
犬童美乃梨/My secret [DVD]
https://t.co/y1tEgeb4h2 #Amazon",1.311297290498265e+18
43,2020-09-30 13:30:21,CoolDealCA,"Best Selling 18-Piece Glass Food Storage Containers for $26.99!!

#freebies #deals #deal #moneysaver #greatdeal #steals #discount #sale #bargain #bargainhunter #cheap #bestprice #Amazon  #Deals #giveaway #Deal #ganga

 https://t.co/PSfHXtUNj0 https://t.co/PH3ghpBqyI",1.311297330717569e+18
44,2020-09-30 13:30:15,monhaco,"【ブログ更新】新型Fire TV Stickを購入しました。前のモデルから大幅にスペックアップして、サクサク動きます。早送りも巻き戻しも快適。買い換えて損のないモデルです。
#fireTVstick
#amazon
#ガジェット
https://t.co/jiKJvmyr4i",1.3112973082445537e+18
45,2020-09-30 13:29:13,ChollazosChina,"RESINA ANYCUBIC ‼️  #Amazon 

⏺ Oferta flash para la resina de Anycubic de 1 litro con un 15% de descuento, con el que te ahorras 6,45€

✅OFERTA: 36,54€ ❌Habitual: 42,99€
📦 Enlace: https://t.co/LEOAM2ZNLn",1.3112970459411005e+18
46,2020-09-30 13:31:15,itsyaboiNB912,"check out my single ""Put it on me"" on #Amazon https://t.co/XOzwiRi2zg",1.311297560527745e+18
47,2020-09-30 13:30:16,yuki_nagase,"【女性アイドルDVD】ベスト10
相田美優 秘密がいっぱい    [DVD]
https://t.co/0zyY9D0MOx #Amazon",1.3112973130384138e+18
48,2020-09-30 13:30:34,_GayRomReviews,"Taming Dante (Dante's Infernal, Book 1) by @LCDavisBooks is live!
📘 https://t.co/oeXWnZlaiv

#GayRomanceReviews #GRR #JoelAbernathyAuthor #contemporary #kink #ageplay #daddykink #rockstarromance #rainbowromance #feelgoodreads #NewBook #newrelease #newseries #Goodreads #Amazon https://t.co/NBMwsz41d8",1.3112973858852045e+18
49,2020-09-30 13:30:49,Julie_Paillard,#AMAZONCAMPUSCHALLENGE Prêts à découvrir les lauréats de la nouvelle édition ? La finale c'est maintenant en direct sur https://t.co/SUjjvK8QUv #finale #amazon #etudiants #entreprises #ecommerce #challengeentrepreneurial,1.3112974520798003e+18
,date,screen_name,tweet,tweet_id
0,2020-09-30 13:22:07,aallan,"For anyone thinking that satellite🛰️ constellations like #SpaceX #Starlink or #Amazon #Kupier are the only game in town. Here are another 12,922 satellites. https://t.co/VHZU8D9G8T",1.3112952589830062e+18
1,2020-09-30 13:26:09,lildevilgirl23,GIVEAWAY! Enter to #win a $10 #Amazon gift card? Go enter the #giveaway daily for your chance to win from @thatsjustjeni Go enter   https://t.co/xDrarSVnYw,1.3112962740633887e+18
2,2020-09-30 13:22:20,Pizzazz_Books,"This is no ordinary murder. Powerful forces are at work!
★KITCHEN MAGIC★
🦉https://t.co/qYKzLuNalv

https://t.co/xN13ad6gRJ #IARTG #amazon
""@aburke59
✎via Pizzazz Book Promotions https://t.co/OfIQDxahgO
https://t.co/FoLYKOICXP",1.3112953132028846e+18
3,2020-09-30 13:23:25,TonyGrimes2,@INTERIORPORN1 was this house in the #amazon series #Hanna??,1.3112955896242872e+18
4,2020-09-30 13:19:38,a_pulcini1,"#Amazon ha annunciato #AmazonOne, una nuova tecnologia biometrica che consente agli acquirenti di pagare nei negozi usando il palmo della mano. Un annuncio che è parte integrante della sua strategia per il commercio fisico.

https://t.co/lohpRahqQl",1.3112946357723832e+18
5,2020-09-30 13:26:50,byLilyV,"Get #IT #CERTIFIED 
One lesson, four #AWS certificates!
Enrol https://t.co/MTTCw6V3Vu
#cloudcomputing #amazon #cloud #certification https://t.co/FLjxJzcC8B",1.3112964477033267e+18
6,2020-09-30 13:25:09,CoolDealCA,"#Apple AirPods with Charging Case for $129!! (Retail: $159)

#freebies #deals #deal #moneysaver #greatdeal #steals #discount #sale #bargain #bargainhunter #bargainshopper #cheap #bestprice #Amazon  #Deals #giveaway #Deal #ganga

 https://t.co/i8NKuO72jn https://t.co/eyoyyxtKNw",1.311296025890558e+18
7,2020-09-30 13:25:10,CoolDealCA,"10 Pack of Assorted Yankee Candles for $21!! 🕯 

#freebies #deals #deal #moneysaver #greatdeal #steals #discount #sale #bargain #bargainshopper #cheap #bestprice #Amazon  #Deals #giveaway #Deal #ganga

 https://t.co/jN1NBNFYut https://t.co/0i3uIHc7VN",1.311296028994347e+18
8,2020-09-30 13:20:30,TheInStockRoom,"***New Deal***
Unique Loom Autumn Abstract 2'...
Reduced from $39.00 to $17
https://t.co/i1hd7udKVI
#Deals #newDeals #Discounts #Amazon https://t.co/2V14jouc6F",1.311294854299779e+18
9,2020-09-30 13:23:52,curedandelion,"これなんでボカシ入れてまで隠してんだろ

アウトドアマウンテンバイクライディングジャージーサイクリングジャージー長袖オフロードシャツ長袖オートバイ服ダウンヒルTシャツメン... https://t.co/A2IfhAkKyo #Amazon",1.3112956992883548e+18
10,2020-09-30 13:23:49,ProtoSeller,"What kind of marketing brings you the most customers?
Social media ad copies? Google marketing?

@Facebook @Twitter @GoogleAds @amazon @eBay @Etsy  @Walmart @Shopify 
#ecommere #etail #retail #etsy #shopify #amazon #ebay #fba #walmart #google #facebook #twitter #instagram #seller",1.311295689725563e+18
11,2020-09-30 13:23:32,doujin_onsei,【 #Amazon 】 【令和2年人気モデル Bluetooth イヤホン】 完全 ワイヤレスイヤホン Bluetooth イヤホン ブルートゥ… https://t.co/VyuAgB5xz9,1.311295616111145e+18
12,2020-09-30 13:25:58,9930_ganesh,"#AmazonSpinandWin
#AmazonQuiz 
#Amazon https://t.co/mRL4E4oySU",1.3112962305053655e+18
13,2020-09-30 13:25:06,9930_ganesh,"#MiWatchQuiz
#AmazonQuiz 
#Amazon https://t.co/uDuHfvILLl",1.3112960121038193e+18
14,2020-09-30 13:27:08,SmithersJone5,@AmazonUK I have been waiting over a month for an item I returned on August 25. You have confirmed you have the item and now I’m told I’ve got to wait another 7-10 business days. #Amazon this is not acceptable and I wish to #complain . Please provide email address for complaints.,1.311296521586049e+18
15,2020-09-30 13:26:39,rakten_kaden_,"09/30 22:26

ティファール 電気ケトル　ジャスティンプラスコント
【楽天】6318円
【Amazon】6950円

★楽天で購入すると★
 632円 お得（お得率10％）

↓お得な情報を一覧で確認出来るサイト
https://t.co/kMQYxgL6Rh

#楽天市場 #Amazon #お得 #せどり https://t.co/dTSVuNi1uI",1.3112964000475013e+18
16,2020-09-30 13:27:36,erfolgmagazin,"Nur noch mit einer kurzen Geste der Hand #bezahlen, so möchte #Amazon das Einkaufserlebnis noch schneller und effektiver machen. Am Dienstag stellte das #Handelsunternehmen #AmazonOne vor...

https://t.co/MWJBkhJHsi",1.311296639190143e+18
17,2020-09-30 13:27:37,JsohF5,"久しぶりにチャットモンチー聴いたw
#Amazon MUSIC",1.311296645137494e+18
18,2020-09-30 13:22:35,ClaireLintott,#lonen #minimumloon #armoede #zorg #verpleeghuis #kapitalisme #corona #brandbrief #crisis #multinational #shell #unilever #amazon #aandeelhouder #vvd #kabinet #rutte https://t.co/HOwsmqYjYv,1.311295377581187e+18
19,2020-09-30 13:26:23,DhrubRaaj,"Microsoft 365 Personal | 12-Month Subscription, for 1 Person (Activation Key Card) https://t.co/snAfDWmpJB Shop for Computer Software at the #Amazon.in https://t.co/RwNZS19tJk",1.3112963326200177e+18
20,2020-09-30 13:26:24,DhrubRaaj,"Quick Heal Total Security Latest Version - 2 PCs, 3 Years (DVD) https://t.co/zaGvZLyvFv Shop for Computer Software at the #Amazon.in https://t.co/RwNZS19tJk",1.3112963379384402e+18
21,2020-09-30 13:25:35,WirtschaftTV,"Nur noch mit einer kurzen Geste der Hand #bezahlen, so möchte #Amazon das Einkaufserlebnis noch schneller und effektiver machen. Am Dienstag stellte das #Handelsunternehmen #AmazonOne vor...

https://t.co/7iVrnRjxg7",1.3112961322330153e+18
22,2020-09-30 13:27:10,smiltg,"990円のジーンズがつくられるのはなぜ?: ファストファッションの工場で起こっていること https://t.co/4Esa59eZd2 #Amazon
長田華子さんの著書②
#アシタノカレッジ",1.3112965333970862e+18
23,2020-09-30 13:20:37,EnricoVerga,14000 feriti gravi ad #amazon https://t.co/R7i54Li3gZ,1.3112948841716122e+18
24,2020-09-30 13:24:35,TheBoyNextD_,La gioia di oggi 🤩😍🤩😍❤❤❤ #carrello #amazon #stationery https://t.co/ND7g9U8alC,1.3112958832842834e+18
25,2020-09-30 13:23:28,alvaroabril,Amazon One te permite pagar con la palma de tu mano https://t.co/6cWvSMj8XP  @AmazonNewsES @amazonmex #amazon #ciberseguridad #cibersecurity #tecnología #technology https://t.co/TgqApjwTYT,1.311295599136977e+18
26,2020-09-30 13:23:38,_mis_ter_e_,"Make #Superman LEGO portraits !!!

#dccomics #HenryCavill #christopherreeve #batman #benaffleck #dcfandome #JusticeLeague #JusticeLeagueSnyderCut #JusticeLeagueTheSnyderCut #amazon #kindlebooks #kindleunlimited #kindle
https://t.co/wzwkCq8iGR",1.3112956407318733e+18
27,2020-09-30 13:20:09,ShodMinistries,"Are you the new “swing”… vote?
.
.
.
.
 #vote #bethechange  #countdown #readyfor46 #shod #republican #democrat #politics #religion   #thenextpresident #amazonfinds #amazon #Jesus #Christian https://t.co/vwStt3MwvB",1.3112947643069112e+18
28,2020-09-30 13:24:11,best_deals_US,"Hot seller:
american covers inc 09413t Refresh, 6 Pack, New Car/Cool Breeze, Vent Stick

Offer price: $2.69 (18% OFF!)
Retail: $3.29

https://t.co/N2MvpFiDDo

#Amazon #deals #RT https://t.co/fLqei203UT",1.3112957799448986e+18
29,2020-09-30 13:26:23,DhrubRaaj,"BYJU'S Class 11+12 (PCM) JEE Preparation - 7"" Tablet (Tablet) https://t.co/KSQdHxivMM Shop for Computer Software at the #Amazon.in https://t.co/RwNZS19tJk",1.3112963349437276e+18
30,2020-09-30 13:23:39,LilyDGioAuthor,"I am so proud  of this book, it took a lot of blood, sweat and tears. Many memories that haunted me through the years all down on paper.

Out now-paperback £7.99
                 Kindle £2.99

#Amazon #AmazonKindle

Please leave a Amazon Review. https://t.co/Kknje0Byeu",1.311295645421011e+18
31,2020-09-30 13:27:33,seika_hikaku,#マドレーヌ型 を安く買いたいなら #cotta #富澤商店 #楽天 #amazon https://t.co/jnLAxGYSWS,1.3112966280582554e+18
32,2020-09-30 13:20:51,BrickSearch,"#LEGO Technic Porsche 911 RSR 42096 Race Car Building Set STEM Toy for Boys and Girls Ages 10+ features Porsche Model Car with Toy Engine (1,580 Pieces) #Amazon #US #Bricks #BrickSearch
🔗 https://t.co/GRx5EveqZ6 *",1.311294941654651e+18
33,2020-09-30 13:19:57,elsuperchollo,"Lluvia de rebajas 🌂 #Amazon 

Speedcross 4 W, Zapatillas de Trail Running para Mujer 

Rebajón del 45% 

💵 Precio desde 65,95 EUR (Amazon Prime)

🔰 Enlace: https://t.co/tcWpyAX2UB 

🌐 https://t.co/0Of6Vljm1L https://t.co/ZpUr89O2Fg",1.3112947143652147e+18
34,2020-09-30 13:21:38,rakten_kaden_,"09/30 22:21

掃除機 コードレス 紙パック モップ付き アイリス
【楽天】16698円
【Amazon】16800円

★楽天で購入すると★
 102円 お得（お得率1％）

↓お得な情報を一覧で確認出来るサイト
https://t.co/kMQYxgL6Rh

#楽天市場 #Amazon #お得 #せどり https://t.co/Y7PYERYhTp",1.3112951398562775e+18
35,2020-09-30 13:26:46,aim_mis,@amazon - I ordered a laptop and got a delivery.  Except the box had 2 items of junk and no laptop.  Peeps be careful ordering expensive items from #Amazon #fraud,1.3112964303389614e+18
36,2020-09-30 13:21:27,hispachollos,"🌀 SAMSUNG 870 QVO 2 TB 2,5'' SATA III SSD Interna (MZ-77Q2T0BW). #Amazon 🇪🇸

💶 Precio oferta: 162,93€ 💥 (PVP normal: 234,38€)

♻️ Reacondicionado: 200,89€

💳 Enlace: https://t.co/UfugYu0TSZ

✨ 30 días gratis de Amazon Music Unlimited ...
https://t.co/E4jgLb7m45
#chollo",1.3112950945664082e+18
37,2020-09-30 13:25:53,smiltg,"バングラデシュの工業化とジェンダー: 日系縫製企業の国際移転 https://t.co/rfNRofTHdX #Amazon
講師の長田華子さんの著書①
#アシタノカレッジ",1.3112962065936138e+18
38,2020-09-30 13:26:37,9930_ganesh,"#OnePlus8T5GAmazonQuiz
#Amazon 
#AmazonQuiz https://t.co/omhvZHfJlM",1.3112963930011484e+18
39,2020-09-30 13:26:22,DhrubRaaj,AVG Ultimate (Unlimited Devices | 1 Year) + AVG Antivirus for Android - Pro (1 Device | 1 Year) https://t.co/7zluZBeWWs Shop for Computer Software at the #Amazon.in https://t.co/RwNZS19tJk,1.311296330342576e+18
40,2020-09-30 13:26:38,DrinkBoomerang,"Live one day at a time. Every step you take is with conviction. Dare to more 🏃

#wellness #healthydrink #recovery #uk #amazon #walking https://t.co/P1mXTwbWtK",1.3112963968935895e+18
41,2020-09-30 13:20:36,CoolDealCA,"💲💰
Unique Loom Autumn Abstract 2'...
Reduced from $39.00 to $17

# #Deals #new #Deals #Discounts #Amazon  #Deal #ganga

 https://t.co/jhc65mbiT9 https://t.co/oUROb2qlsI",1.3112948800612393e+18
42,2020-09-30 13:25:31,lilredshopper,"#Giveaway Time!

3 Lucky Winners Will Win a $50 #Amazon Gift Card

Hurry! Giveaway Ends on September 30th, 2020

by @lushescurtains https://t.co/T0gXBS7l94",1.311296115187372e+18
43,2020-09-30 13:20:37,MyndMatters_Pub,"🚨🎉Dr. Malika Grayson's ""Hooded: A Black Girl's Guide to the Ph.D."", out now! 👩🏽‍🎓Order ""Hooded"" from #Amazon, B&amp;N, and other #booksellers today. #womeninscience #wepublish #academics #blackwriters #hoodedbook #UNBOXING https://t.co/6RNPuyoU4R",1.3112948827959828e+18
44,2020-09-30 13:21:11,OfertacularRL,"‼️LUKA DONCIC‼️ 👁‍🗨 #cholloshot #Amazon #chollo #oferta #ganga

⚫️ Camiseta Dallas Mavericks Luka Doncic

🛒: ➡️ https://t.co/I0gXUZp0ui ⬅️

🟢 https://t.co/SdTO2TTDka https://t.co/e52ODoVsQF",1.3112950260188774e+18
45,2020-09-30 13:26:45,AnthonyMorFan,"Anthony Morrison provides you with a solid and easy to follow guide that will show you what you need to do to success on your very own internet business. Find His Books👉🏿🔗https://t.co/ULHwqfci4H

Share Through &amp; Help Us To Spread!

#AnthonyMorrison #AnthonyMorrisonAmazon #Amazon https://t.co/Zui5eCb9Oe",1.311296425737638e+18
46,2020-09-30 13:22:53,sheffdeals,"Fire TV Stick Lite with Alexa for $29.99

Click Link Below👇
https://t.co/QC7G4upYF9

#deals #amazon #amazonprime #PresidentialDebate2020 #Debates2020 #debates #BlackTechTwitter #GoogleDoodle #developers #Election2020 #tech #Apple #twitch #stream #ps5 #sheffdeals https://t.co/WYEkqdgOyG",1.3112954523321262e+18
47,2020-09-30 13:21:12,creativemm12,"#AVIDLOVE の Avidlove UNDERWEAR レディース US サイズ: M カラー: ブルー
https://t.co/KCMs5jFNcn 
#followtrick
#미국배송대행
#amazon
#Tottenham #vs #Chelsea
#Ascension #Island
#128 #WATERLOO",1.311295030024237e+18
48,2020-09-30 13:25:52,uobnnisiuk,"「天才か…？」と呟きながら読んでた。かなり濃いノウハウ本。
レザークラフト 実践技法40 https://t.co/oI2dclSiN9 #Amazon",1.311296204639105e+18
,date,screen_name,tweet,tweet_id
0,2020-09-30 13:16:11,TheInStockRoom,"***New Deal***
MAGNAVOX 300 Bulb Warm White L...
New price $3.99
https://t.co/aZyYmZKIEh
#Deals #newDeals #Discounts #Amazon https://t.co/tbB06PHKaT",1.311293768230998e+18
1,2020-09-30 13:18:22,elsuperchollo,"🏆Descuento de campeonato🏆 #Amazon 

Rush - Legging Mujer 

Rebajón del 54% 

💵 Precio desde 32,30 EUR (Amazon Prime)

🔰 Enlace: https://t.co/hodEBWdW9j 

🌐 https://t.co/2SZL0vRF67 https://t.co/qey5mQusfL",1.3112943188550246e+18
2,2020-09-30 13:15:21,CoolDealCA,"Look Good, Feel Good 🦷 

Teeth Whitening Kit 

Whitening Strips 

#freebies #deals #deal #moneysaver #greatdeal #steals #discount #sale #bargain #bargainhunter #bargainshopper #cheap #bestprice #Amazon  #Deals #giveaway #Deal #ganga

 https://t.co/lkYchJnTKV https://t.co/wXjKA5fUrD",1.3112935574923878e+18
3,2020-09-30 13:18:55,sakuraba_shino,"仕事帰ってからは動画教材みる元気ない（笑）

それゆえ平日の積立がなかなか厳しいので10月から新しく平日の作業ものを追加するっ

月、休み
火、木　ドリル
水、金　デジハリ作業

#デザイン勉強中の人と繋がりたい

トレース＆模写で学ぶ　デザインのドリル https://t.co/zee0UQ9944 #Amazon",1.3112944547629384e+18
4,2020-09-30 13:16:37,imageclippath,"#photographer #photography #photoshoot #amazon
#ebay #zalando #shoe #ring #pedants #silver 
#editing #editorial #Studio 
Check out my Gig on Fiverr: background remove, cloth bag shoe accessories,image edit https://t.co/CNYqSX3gR6",1.3112938747367506e+18
5,2020-09-30 13:12:34,CoolDealCA,"💲💰
Hieha 7"" Digital Multimedia Un...
Reduced from $63 to $38
Coupon code: XGZKIUVW

# #Deals #new #Deals #savings #Amazon  #Deal #ganga

 https://t.co/KCopnTSHvq https://t.co/mrcIIlth0k",1.3112928555252818e+18
6,2020-09-30 13:15:16,loveearth_index,"毎日値下げをしてますが、
Amazon本体がしつこくついてきます笑😝

Amazon本体より安く仕入れている自信があるので、
後々カートはもらいます😎

＃Amazon
＃カート価格 https://t.co/cEA5hks2uD",1.3112935354721567e+18
7,2020-09-30 13:14:27,XperienceDope,"Blasting Kendrick Lamar - A.D.H.D right now on Pretty Dope Xperience Radio aka #BlackPandora

listen now and catch a wave!! https://t.co/VqKFopeoex  #nowplaying #np #RT  #NowStreaming #Streema Download Now #Alexa #GooglePlay #iOSAppStore #Amazon #",1.3112933309831823e+18
8,2020-09-30 13:19:01,BEST300BOT,ベートーヴェン／交響曲第８番　【第１０位】⇒https://t.co/2z5uPllwyf #amazon #bot 【第５位】トスカニーニ指揮NBCso〈52〉⇒https://t.co/8TvCuzYoxb,1.3112944819965542e+18
9,2020-09-30 13:12:38,Texas_Storm84,Dead to Me Release Day Giveaway! Win a $50 #Amazon #giftcard! #giveaway #win https://t.co/5m5hdDNV1o,1.311292872201851e+18
10,2020-09-30 13:18:47,imageclippath,"#photographer #photography #photoshoot #amazon
#ebay #zalando #shoe #ring #pedants #silver 
#editing #editorial #Studio 
Check out my Gig on Fiverr: do ghost mannequin cloth, background remove https://t.co/SonPyotGfD",1.3112944236411249e+18
11,2020-09-30 13:16:17,CoolDealCA,"💲💰
MAGNAVOX 300 Bulb Warm White L...
#New  price $3.99

# #Deals #new #Deals #Discounts #Amazon  #Deal #ganga

 https://t.co/lHrqIx70bH https://t.co/V0kNXdTqvt",1.3112937925369774e+18
12,2020-09-30 13:15:18,miriammramz,"Disponible en #Amazon ""RELATOS SOBRE LO INESPERADO"",  de  @jb_mahoney . 
26 Relatos de final Insospechado. https://t.co/ynERCKEO2q https://t.co/MjEfgjbWwh",1.3112935438145864e+18
13,2020-09-30 13:14:08,SolTaylorRdL,"✅Éxito mundial en castellano, francés, inglés e italiano            
✅Nº1 general en #Amazon y #kobo 🇪🇸🇫🇷🇮🇹
#BestSeller 🔝 #Kindle
¿Conoces ya el misterio que ocultan estos crímenes? 
HOY $2.99 ▶️ https://t.co/tc6Vj0Gdz9 
@enriquelaso @merylaso https://t.co/hemXGhSshP",1.3112932523860296e+18
14,2020-09-30 13:19:00,Tarrako1162,"🔥CHOLLO! #Amazon | #Ropa

📢#HAWKERS One Gafas de Sol Unisex Adulto 

Para más #Ofertas visita la tienda  https://t.co/8uKuylhBBt

   ❌ Antes: 29,95€
   🔥 PRECIO OFERTA: 17,50€🔥 -42%
   🔰 Enlace: https://t.co/NgiqxLLZez https://t.co/MpZXd4Sb7g",1.311294475520471e+18
15,2020-09-30 13:18:00,imageclippath,"#photographer #photography #photoshoot #amazon
#ebay #zalando #shoe #ring #pedants #silver 
#editing #editorial #Studio 
Check out my Gig on Fiverr: do high quality multipath and jewelry retouching https://t.co/jRzlXROqR1",1.3112942237993452e+18
16,2020-09-30 13:19:29,ManojJa78489630,#Amazon quiz https://t.co/qM2F2Ygf2Q,1.3112945999026258e+18
17,2020-09-30 13:17:42,WallStSizingUp,"$AMZN in everything! #amazon #tourism 

https://t.co/4jcU12WCw5",1.3112941503781642e+18
18,2020-09-30 13:19:06,randomfaqs66,¿Dondé comprar perlas de Tapioca? #Chollos #ofertas #promociones #amazon #bobatea #bubbletea #quedateencasa https://t.co/v8DB83f0Ej #productos,1.3112945034799227e+18
19,2020-09-30 13:13:00,mirenepalacios,"¿Os apetece leer? Os propongo una lectura interesante, variada. Historias, intrigas, amor... En cualquier librería, amazon o Fdo web de autora #Amazon #leer #lectores #LecturaRecomendada #libros #poesia #poetry #ensayo #novelaromántica #lectores #Writer https://t.co/O6CqNqV0mE https://t.co/x42Z0w7n9l",1.311292965323567e+18
20,2020-09-30 13:16:53,gadget_pickup,管理人のAmazonほしい物リスト→https://t.co/Bjip4C1Ot5　面白ネタ的なものも大いに含んでおります。カラーコーンとか大量に送ったりしてイジメないでくださいwww　#Amazon #ほしい物リスト #干芋リスト #公開 #ネタ満載,1.3112939424412877e+18
21,2020-09-30 13:18:24,TheInStockRoom,"***New Deal***
ZenoPerfect Health Foods at Am...
New price up to 50% off
https://t.co/y59MHEzrvJ
#Deals #newDeals #savings #Amazon https://t.co/jJamydDRNw",1.3112943259433943e+18
22,2020-09-30 13:12:28,PTNewsnetwork,"One person is dead, and another is clinging to life after a shooting at an Amazon distribution center in Jacksonville. This is the second fatal shooting at this facility in the past 90 days.  #Amazon #AmazonDistributionJacksonville #DistributionCenterShoot https://t.co/XfudzaOioN https://t.co/bVepwnQR50",1.3112928341552005e+18
23,2020-09-30 13:13:08,egiftcardtoday,#FelizMiercoles #Caracas #Amazon #GiftCard https://t.co/giYc1cgXPm,1.311292998416765e+18
24,2020-09-30 13:17:35,imageclippath,"#photographer #photography #photoshoot #amazon
#ebay #zalando #shoe #ring #pedants #silver 
#editing #editorial #Studio 
Check out my Gig on Fiverr: do jewelry product retouch with affordable price https://t.co/aeQ1ERvdOl",1.3112941184468173e+18
25,2020-09-30 13:18:48,Biztechcollege,"Cloud computing is growing at a fast pace. IT giants #Microsoft, #Google and #Amazon Web Services are looking for qualified professionals. Are you up for a rewarding career? Enroll Today!
https://t.co/QdEk1qqNNq",1.311294425558061e+18
26,2020-09-30 13:16:19,imageclippath,"#photographer #photography #photoshoot #amazon
#ebay #zalando #shoe #ring #pedants #silver 
#editing #editorial #Studio 
Check out my Gig on Fiverr: do shoe image retouch https://t.co/N6nDS0yn2w",1.3112938002333655e+18
27,2020-09-30 13:19:17,imageclippath,"#photographer #photography #photoshoot #amazon
#ebay #zalando #shoe #ring #pedants #silver 
#editing #editorial #Studio 
Check out my Gig on Fiverr: do ghost mannequin cloth, background remove https://t.co/auO4uJU88j",1.311294547738022e+18
28,2020-09-03 18:26:48,LenovoLegion,"Lenovo Legion x @PlayApex
Now is your chance to rise above the rest. 
Unmatched performance, purposeful engineering, modern design.
Gear up with a machine as savage as you are.
Stylish outside.
Savage inside.",1.301587465258578e+18
29,2020-09-30 13:14:00,RichCash777,"Estimated jackpot for the October 2, 2020 Mega Millions drawing

#MegaMillions #MegaMillionsNumbers #lottery #lotterywinner #books #ebooks #Amazon #AmazonBooks #AmazonKindle #Kindle #KindleBooks #KindleEbooks #KindleUnlimited #KindleOwnersLendingLibrary #KindleLendingLibrary https://t.co/4kLJOvMcHa",1.3112932171454177e+18
30,2020-09-30 13:14:26,harsha9741,"@amazonIN @amazon 

So I wait for over a week and then get told I need to wait another week and then you calmly apologize and day these things happen? 

#ridiculous #AmazonQuiz #Amazon https://t.co/ZHVC4c57Jd",1.3112933256059208e+18
31,2020-09-30 13:13:27,bmurphypointman,#earnmoney #amazon #amazonprime #Amazonspecials #prime   Save Big on Airport Parking. Check airport parking on https://t.co/Hk21gwU6Ai,1.3112930794591805e+18
32,2020-09-30 13:17:57,Ashishm38865616,"-----------81% Discount-----------
SELLORIA LED Digital Black Dial Silicone Bracelet Boys Kids Watch Combo Pack of 2-2020 Latest Watches for Boys
--PRICE--₹ 281.00 -/
--link--https://t.co/iK6Kqo6fvu
#India #amazon #watch #smartwatch #DigitalMarketing #students #youth #Hathras",1.31129421179102e+18
33,2020-09-30 13:15:17,SuperInfoKali,BALD ist es soweit! Der neue #Amazon #Kindle #Oasis #eReader! So sieht Lesevergnügen aus! Schaut ihn euch an! https://t.co/NPISPr4OFB,1.3112935403291935e+18
34,2020-09-30 13:12:32,amzn_ofertas,"📚 Caixa Harry Potter - Edição Premium + Pôster Exclusivo por Rowling, J.K. via #Amazon

🛒 https://t.co/waBA70JDHB
https://t.co/waBA70JDHB",1.3112928505508536e+18
35,2020-09-30 13:17:22,ModetrendA,Black Halo https://t.co/2kwBavSmGg #fashiondesigner #onlineshopping #handmade #womenswear #womeninbiz #businesswear #smallbiz #dresscode #fashionblogger #moda #trending #fashion #amazon @amazon #holiday #blackfriday #thanksgiving #cybermonday https://t.co/CiHMiktYY7,1.3112940665802383e+18
36,2020-09-30 13:18:40,Designcreateall,技術を追求すると，そこからさまざまなアイデアに行き着くことが多いものです。（城戸雅行） #amazon #design #brand,1.3112943930688717e+18
37,2020-09-30 13:18:26,imageclippath,"#photographer #photography #photoshoot #amazon
#ebay #zalando #shoe #ring #pedants #silver 
#editing #editorial #Studio 
Check out my Gig on Fiverr: do any kind of image and jewelry background remove https://t.co/RCczWJSIiE",1.3112943317481472e+18
38,2020-09-30 13:18:19,Arunbn1,"Amazon's Great Indian Festival &amp; Flipkart's Big Billion Day Sale's Best Deals | GadgetGuruBN 
Link - https://t.co/SAy8OSqEWJ
Stay tuned for live updates
#Amazon #AmazonGreatIndianFestival #Flipkart #BigBillionDays #Bestdeals #gadgetgurubn #Updates 
@Flipkart @amazonIN",1.3112943060370596e+18
39,2020-09-30 13:18:17,Raymond_Norman,"Visit the #Amazon page of award-winning #author @ KristyJoVolchko.

childrensbooks kidsbooks MG middlegrade 
chicklit humor kidlit teen YA youngadult
 ASMSG IARTG IAN1 Kindle books ebooks
https://t.co/yrvLG8AXSz https://t.co/mcxWEnDhxC",1.3112942972501688e+18
40,2020-09-30 13:16:37,elsuperchollo,"No lo hay más barato #Amazon 

Essentials Logo W - Legging Deportivo de Talle Alto Mujer 

Al rico chollo oiga❗❗ 33% 

💵 Precio desde 19,95 EUR

🔰 Enlace: https://t.co/4N8mG5JMds 

🌐 https://t.co/Ma8kfwufqH https://t.co/err702snWK",1.3112938780840305e+18
41,2020-09-30 13:15:33,pepegomachan,"本日23:59締切=͟͟͞͞ ♡︎

コンビニで買えるお好きなギフカ1500円分を3名様にプレゼント***-*

参加お待ちしています***-*

#プレゼント企画
#懸賞
#アマギフ
#Amazon
#iTunes
#GooglePray
#ニンテンドー
#楽天 https://t.co/vQxP9rgslB",1.3112936100092682e+18
42,2020-09-30 13:15:16,JyotiOj58087606,#amazon quiz. I played this interesting Quiz on Amazon-Play games at Amazon FunZone  https://t.co/UeowOUZBFN,1.3112935380936008e+18
43,2020-09-30 13:16:38,rakten_kaden_,"09/30 22:16

＼当店おすすめ／電気圧力鍋 アイリスオーヤマ 4l
【楽天】16800円
【Amazon】16892円

★楽天で購入すると★
 92円 お得（お得率1％）

↓お得な情報を一覧で確認出来るサイト
https://t.co/kMQYxgL6Rh

#楽天市場 #Amazon #お得 #せどり https://t.co/ZPW0WeD6Ul",1.3112938797154263e+18
44,2020-09-30 13:16:53,haratairaisao,ラブライブ! 虹ヶ咲学園スクールアイドル同好会 3 (特装限定版) [Blu-ray] https://t.co/fUR8hOAvUw #Amazon,1.3112939435023524e+18
45,2020-09-30 13:16:03,theropshop,🥶 #theropshop #stayrugged #Kodiak #MiTM #Powermate #Snapper #Troybilt #Simpson #parts #ebay #amazon #pump #pumpsaver #keyway #Generalpump #GP #CAT #comet #AR #AnnoviReverberi #BE #excell #dewalt #pressurepro #stanley,1.3112937330785444e+18
46,2020-09-30 13:13:11,amnkmjanom1,#Amazon #パントリー #強力粉 #安すぎる #パン作り https://t.co/EkexLcDXI0,1.3112930135371244e+18
47,2020-09-30 13:16:40,michaelwmcleod,"Amazon introduces the Amazon One, a way to pay with your palm when entering stores | TechCrunch #amazon #biometrics #authentication  https://t.co/tjqgPLWekM",1.3112938894002627e+18
48,2020-09-30 13:12:48,TheGamersInn,"TGI 437 - Limited Time Marios - Ryan spends some more time with the 3D Marios in #SuperMario3DAllStars, plus #HighScore on #Netflix. Plenty of news to get through as well with #Dreamhaven, #Cyberpunk2077, and #Amazon #Luna. https://t.co/r2X0mEz1aj",1.311292914157445e+18
49,2020-09-30 13:16:16,cf_hanz,"Success!!
#大島薫 ☆Presents*
https://t.co/3a3SBVNj0f
#DMM https://t.co/PvyV4QYIds
#Amazon https://t.co/PGlbKL4gU0
#R18 #クラウドファンディング",1.3112937874868388e+18
,date,screen_name,tweet,tweet_id
0,2020-09-30 13:09:15,chollodescuento,"CHOLLOS y DESCUENTOS ⁣OFERTÓN Irrigador Dental con 8 Boquillas Multifuncionales, Capacidad de 600ml, 10 Ajustes de Presión del agua por 24,47€ #Amazon Enlace: https://t.co/kCjAh4Ym8l Código: No necesita Visto: https://t.co/tssN0NBD8Q https://t.co/oPjY0CVOQt …",1.311292021903184e+18
1,2020-09-30 13:10:00,Haidji,"Book Quote: ""We all look different but we are all the same."" Click on  https://t.co/AKncdMZZ2X #equality #blm #quoteoftheday #quotes #kindleunlimited #bookquotes #read #ebook #ku #paperback #amazon  #inspiration #haidji #goodreads #books #read #reading #BookBoost https://t.co/iv6nEjAyIG",1.3112922106551788e+18
2,2020-09-30 13:10:16,CoolDealCA,"GALAX PRO 12V Cordless Drill Driver with Work Light for $29.99!!

#freebies #deals #deal #moneysaver #greatdeal #steals #discount #sale #bargain #bargainhunter #bargainshopper #cheap #bestprice #Amazon  #Deals #giveaway #Deal #ganga

 https://t.co/4cJJIGaskd https://t.co/0HiqrWal0a",1.3112922774956564e+18
3,2020-09-30 13:10:39,GiftcardsBlog,"Free Traffic System: Flood Your Sites With Free Traffic https://t.co/t80A4ElKOU
#giftcards #giftcard #giftcardsavailable #amazon #giveaway #giftcardgiveaway",1.311292375852028e+18
4,2020-09-30 13:11:04,offershoppe15,"SignoraWare Stainless Steel Container Set, 3-Piece, Copper
Click: https://t.co/T2N0gw3jxZ

#AmazonSpecials #Amazon #Home #Appliances #kitchen #signoraware https://t.co/wndEgICR6s",1.311292477962244e+18
5,2020-09-30 13:08:52,KoxdWRnwW0rfqsZ,"#PS5
の登場により、価格かなり下がりましたね😁

PlayStation 4 Pro ジェット・ブラック 1TB (CUH-7200BB01)

入荷、在庫あり！

#Amazon
https://t.co/yxqAO53c6C",1.3112919248048497e+18
6,2020-09-30 13:11:21,egiftcardtoday,"¡Gift Card Código Digital!
¡Membresía!
¡Juegos!
#BestBuy
#Amazon
#PlayStation
#Xbox
#Nintendo
#Netflix
#iTunes
#AppStore
#GooglePlayStore
#egiftcard
#Caracas 
#Venezuela https://t.co/IlFeyovThd",1.311292549760344e+18
7,2020-09-30 13:07:49,elsuperchollo,"🔥 Preciazo ❗️❗️❗️ #Amazon 

WAZA - Leggings para Mujer Cintura Alta Control de Barriga Levantamiento de Glúteos Mall... 

✅ Descuentazo del 27% 

💵 Precio desde 7,30 EUR

🔰 Enlace: https://t.co/bIbe5y5DV1 

🌐 https://t.co/fpvZ51ZqcN https://t.co/ZBNKJqUWcN",1.3112916627491103e+18
8,2020-09-30 13:10:21,k_knt27684,"Amazonプライムビデオが追加料金無しで見れるのを知って
ちょっと得した気分😆
 #Amazon 
 #フォロバ100 https://t.co/IULunl3HFC",1.3112922985173852e+18
9,2020-09-30 13:08:40,Info_forever01,ピップ 磁気ネックレス エマンシェリー ハート 39-44cm https://t.co/z54b0kckR9 おしゃれ♫ #amazon #beauty #beautiful #happy #life #cosme #bodycare #skincare #everyday #love,1.3112918755260948e+18
10,2020-11-30 01:00:13,GameStop,Cyber Week is too big a deal to have just one deal. See what special offer we’ve got in store for today.,1.333214214664708e+18
11,2020-09-30 13:07:41,SMCADMAN,"#Regulate #Regulation #TheSocialDilemma #Democracy #astroturfing #organizedcrime #trollfarms #clickfarms #mafias #warcrimes #FinCENFiles #FacebookOnlineSlaveMarket #Facebook #Twitter #Google #YouTube #Amazon #FreeSpeech ""maximum emotional engagement"" ""attention engineers"" https://t.co/eAvZAg8EQt",1.3112916280537006e+18
12,2020-09-30 13:08:32,sougo_review,"中国商品の説明書は日本人からすると雑に見える
その為日本で商品を販売する場合一定の需要は見込める

#Amazon #レビュー #アマゾン #中国 #説明書 #翻訳",1.3112918427977892e+18
13,2020-09-30 13:09:18,offershoppe15,"Pigeon by Stovekraft All in One Super Cooker 620-H 3 Litre Hard Anodised Pressure Cooker (Black)
Click: https://t.co/jb4ktPOeVo

#AmazonSpecials #Amazon #Home #Appliances #kitchen https://t.co/KfmXP4Fgby",1.3112920343642235e+18
14,2020-09-30 13:10:42,lanerimar,"#Amazon si teletrasporta nel futuro prossimo con #AmazonOne, ovvero il pagamento tramite il palmo della propria mano https://t.co/lUHfopb07J",1.3112923876842414e+18
15,2020-09-30 13:10:25,CoolDealCA,"💲💰
Aerosoles Women's Thong Sandal...
Reduced from $69.00 to $13.17

# #Deals #new #Deals #Amazon  #Deal #ganga

 https://t.co/g5l9VsiRAM https://t.co/V6xX1w0II2",1.3112923146530038e+18
16,2020-09-30 13:11:37,rakten_kaden_,"09/30 22:11

アイリスオーヤマ　IRIS　単機能電子レンジ　「東
【楽天】5480円
【Amazon】6020円

★楽天で購入すると★
 540円 お得（お得率10％）

↓お得な情報を一覧で確認出来るサイト
https://t.co/kMQYxgL6Rh

#楽天市場 #Amazon #お得 #せどり https://t.co/qeGFcV9nlw",1.311292619972997e+18
17,2020-09-30 13:08:24,offershoppe15,"HP 15s eq0024au 15.6-inch Laptop (3rd Gen Ryzen 5 3500U/8GB/512GB SSD/Windows 10/MS Office 2019/Radeon Vega 8 Graphics), Natural Silver
Click: https://t.co/okqm8xLvCI

#AmazonSpecials #Amazon #Computer #laptop #hp https://t.co/ac9EMXqKpQ",1.3112918091846697e+18
18,2020-09-30 13:07:43,ElliottForecast,Amazon Reacting Higher From Elliott Wave Blue Box Area https://t.co/hL8rfvIDYy #Elliottwave #Trading $AMZN #Amazon https://t.co/mhoAPFimeb,1.311291637021266e+18
19,2020-09-30 13:07:55,touhiduzzaman24,"@reed650 @eBay Hi dear,
I like and love graphic design. I work with graphic design very sincerely.
=== My awesome Service This gig ===
Checkout :https://t.co/aTNf3nAgO4  
#BackgroundRemoval #Color_correction #Amazon
#photoshop #photographer #photo
#Retouch #touhidu #product #eBay",1.3112916851464847e+18
20,2020-09-30 13:11:14,XperienceDope,"Blasting Bob Marley &amp; The Wailers - Jamming right now on Pretty Dope Xperience Radio aka #BlackPandora

listen now and catch a wave!! https://t.co/VqKFopeoex  #nowplaying #np #RT  #NowStreaming #Streema Download Now #Alexa #GooglePlay #iOSAppStore #Amazon #",1.3112925210924524e+18
21,2020-09-30 13:10:36,GiftcardsBlog,"A Cheesy Affair - Mastering The Art Of Cheese Wine Pairing https://t.co/zqsW6Ddw92
#giftcards #giftcard #giftcardsavailable #amazon #giveaway #giftcardgiveaway",1.3112923615788687e+18
22,2020-09-30 13:11:22,offershoppe15,"Signoraware Copper Bottle with 2 Glasses (Matt) (900 ML Bottle + 2 Glass 275 ML)
Click: https://t.co/feT0F9LgNw

#AmazonSpecials #Amazon #Home #Appliances #kitchen #signoraware https://t.co/k7zm3nw1FJ",1.3112925569242153e+18
23,2020-09-30 13:10:31,hispachollos,"🌀 Teléfono Móvil Libre, Ulefone Note 8 Android 10 3G Smartphone Libre, 2GB RAM 16GB ROM Smartphone, Pantalla 5.5"" Water-Drop Screen Movil, 5MP   2MP   2MP, Dual SIM, Face ID, GPS, Bluetooth (Naranja). #Amazon 🇪🇸

🔘 Marca la casilla d ...
https://t.co/f53JJmaIae
#chollo",1.3112923431909868e+18
24,2020-09-30 13:09:01,ykswld,wemo バンドタイプ(肌色) [旧名称...今売れています！https://t.co/C4IApPW78c #follow #sougo #Amazon #アマゾン,1.3112919632626115e+18
25,2020-09-30 13:10:19,TheInStockRoom,"***New Deal***
Aerosoles Women's Thong Sandal...
Reduced from $69.00 to $13.17
https://t.co/fUXccrl7kd
#Deals #newDeals #Amazon https://t.co/tZeMuKpbyC",1.3112922901120655e+18
26,2020-09-30 13:12:28,TheInStockRoom,"***New Deal***
Hieha 7"" Digital Multimedia Un...
Reduced from $63 to $38
Coupon code: XGZKIUVW
https://t.co/V4vkoPrEYL
#Deals #newDeals #savings #Amazon https://t.co/0ulcRiiHTV",1.3112928306781635e+18
27,2020-09-30 13:10:38,GiftcardsBlog,"Master Mentalism Magic Tricks! Huge Avg $$ Per Sale + Recurring $$! https://t.co/cjT0BMjpln
#giftcards #giftcard #giftcardsavailable #amazon #giveaway #giftcardgiveaway",1.3112923710244577e+18
28,2020-09-30 13:10:40,GiftcardsBlog,"A Cheesy Affair - Mastering The Art Of Cheese Wine Pairing https://t.co/I8PjNHXZWK
#giftcards #giftcard #giftcardsavailable #amazon #giveaway #giftcardgiveaway",1.3112923796227686e+18
29,2020-09-30 13:09:57,NagendraKumarS2,"Latest Festive Gown Dress for Girls Kids
#Amazon #Online #shikharjiHub #Bestseller https://t.co/em5bmQn2WE",1.3112921984244367e+18
30,2020-09-30 13:09:26,mogahiko,"#感覚過敏 #聴覚過敏 
寝てる時、色んな音がする度に目が覚めてツラいから #Amazon で  #耳栓 買った。
(　´ᾥ`　)う〜耳に違和感…でも音は気にならなくなった気がする…
暫く違和感を我慢したら慣れるやろかね？
朝までグッスリ寝てみたいもんだ。
おやすみなさい…🐢",1.3112920701668925e+18
31,2020-09-30 13:07:34,Giulio__Mariani,#ChampionsLeague #Amazon ⚽️ https://t.co/K6AFEvvL1c,1.3112915997044695e+18
32,2020-09-30 13:11:58,97Lene1ms9mN6rk,"#PS5
の登場で、価格下がりました🔥

PlayStation 4 Pro ジェット・ブラック 1TB (CUH-7200BB01)

入荷！在庫あり！

#Amazon
https://t.co/xf21CdrZOS",1.3112927070425047e+18
33,2020-09-30 13:10:08,ladyarcher1,"Enjoy a captivating and powerful romance. Grab your copy today. Available on paperback/Ebook  FREE on KU.
Freedom  https://t.co/lbU1fRNTqh 
#romance #contemporary #bookbub #goodreads #amazon #kindle #Amazonbooks #womensfiction #KBWorlds https://t.co/DIF8bFenJy",1.31129224594185e+18
34,2020-09-30 13:08:01,Charlie_Cawood,"Doja Cat - Say So [Clean] #bigtimeradio https://t.co/N76xPoatRr @Charlie_Cawood @BigTimeRadio1 @bigtime_news
 on #Amazon Echo &amp; App https://t.co/c7cZfm4MQo  #Top40 #Music 247 #Worldwide 3 #Radio #Stations 43 #Countries #Interviews #Billboard https://t.co/JiPHr6jZyC  #SUBMI",1.3112917116421284e+18
35,2020-09-30 13:09:00,krisoccer,A bit surprised to see some new (to me) #DaaS (Desktop as a Service) providers outside the big 4 on this list. #Microsoft #Amazon #VMware #Citrix https://t.co/zugLO7hDCD,1.3112919588626514e+18
36,2020-09-30 13:09:15,nigirimesi_RAN,"後少しです！拡散お願いします🙇‍♂️
#プレゼント企画 #懸賞
#Amazon #iTunes 
#荒野行動 #ゲリラ
#モンスト #パズドラ https://t.co/cZL9nC3fNR",1.3112920229138104e+18
37,2020-09-30 13:10:39,GiftcardsBlog,"The Ultimate Self Esteem Formula https://t.co/czDnLy53ND
#giftcards #giftcard #giftcardsavailable #amazon #giveaway #giftcardgiveaway",1.3112923734151946e+18
38,2020-09-30 13:10:15,CoolDealCA,"LG 24-Inch LED-lit Monitor, Black for $99.99!! (Retail: $129.99)

#freebies #deals #deal #moneysaver #greatdeal #steals #discount #sale #bargain #bargainhunter #bargainshopper #cheap #bestprice #Amazon  #Deals #giveaway #Deal #ganga

 https://t.co/yUQQST2aQc https://t.co/JAfYweRx5B",1.3112922741779784e+18
39,2020-09-30 13:11:26,namappoid,"騙されないゾ😇
#フィッシング #詐欺 #Amazon
24時間前に情報を更新することを…おとといおいでってやつですか https://t.co/afgM6BNZbT",1.3112925717846303e+18
40,2020-09-30 13:10:26,djcuetoo,"Mi último trabajo con @rdmaravilla 😃 
#housemusic #minimaltech #techhouse #housemusic #beatport #Spotify #amazon https://t.co/cegL1qisJH",1.3112923222698557e+18
41,2020-09-30 13:08:10,touhiduzzaman24,"@TammyTu78097268 @247LovingLife Hi dear,
I like and love graphic design. I work with graphic design very sincerely.
=== My awesome Service This gig ===
Checkout :https://t.co/aTNf3nAgO4  
#BackgroundRemoval #Color_correction #Amazon
#photoshop #photographer #photo
#Retouch #touhidu #product #eBay",1.311291750053421e+18
42,2020-09-30 13:10:36,GiftcardsBlog,"Free Traffic System: Flood Your Sites With Free Traffic https://t.co/CrVzQjBK66
#giftcards #giftcard #giftcardsavailable #amazon #giveaway #giftcardgiveaway",1.3112923642212803e+18
43,2020-09-30 13:08:49,offershoppe15,"Dell Inspiron 3493 14-inch FHD Laptop (10th Gen i3-1005G1/4GB/256GB SSD/Win 10 + MS Office/Integrated Graphics/Platinum Silver) D560194WIN9SE
Click: https://t.co/SdcOk7QtR4

#AmazonSpecials #Amazon #Computer #laptop #Dell https://t.co/wepsE9lJed",1.3112919131573207e+18
44,2020-09-30 13:08:01,DandoZigib,"아마존의 이커머스 온라인 판매 매출은 반이 채 되지 않는다. 
https://t.co/MzZYMy5D4A
#Amazon #아마존 #매출구성 #이커머스 #규제리스크 https://t.co/PT0cpgxRpe",1.3112917131141325e+18
45,2020-09-30 13:09:56,JFOrvay,"#RecomiendoLeer
 
#queleer #leer #terror
 
Una oscura noche, 5 #relatos, relacionados entre sí, donde todo es posible.
 
Ahora no tienes excusa para pasar una auténtica NOCHE DE MIEDO.
 
Ya a la #venta en #Amazon
 
#Gratis en #KindleUnlimited
 
https://t.co/R7h7D18ibR",1.3112921938947318e+18
46,2020-09-30 13:08:42,minechika405,"Amazonで買ったやつが勝手に置き配になってて配達完了しましたって写真が送られてきたから見たら👳‍♂️

ぜんぜんウチじゃ無い場所に置いてあるからクレーム入れてるんだけど対応クズすぎてクレームに対するクレームになってきた

#amazon #置き配",1.3112918861081969e+18
47,2020-09-30 13:10:37,GiftcardsBlog,"Start Your Own Home Based Candy Bouquet Business. https://t.co/ZVrfJv2mYo
#giftcards #giftcard #giftcardsavailable #amazon #giveaway #giftcardgiveaway",1.311292368604328e+18
48,2020-09-30 13:11:26,1204yukinana,"埼玉誕生150周年☆
私が選ぶ150周年を彩る  #キャッチコピー はこれだ！
@saitama150th ではプレゼントCPを実施中！～10/12
抽選で20名に  #Amazon  #ギフト券 500円分を  #プレゼント ♪
 https://t.co/7TfHWmXhMl",1.3112925713022812e+18
49,2020-09-30 13:09:38,JFOrvay,"#RecomiendoLeer #queleer
 #leer #thriller #terror
 
 Laura, tras el nacimiento de su hijo, comienza a sufrir unas terroríficas pesadillas y alucinaciones que le alertan de un grave peligro 😨
 
 Ya a la venta en #Amazon
 
 #gratis con #kindleunlimited
 
 https://t.co/3lqIp8qdKv",1.3112921212074066e+18
,date,screen_name,tweet,tweet_id
0,2020-09-30 13:04:58,W_Angels_Wings,"#Author Ellie Collins

Check her out on #Instagram!
https://t.co/nXEcChf0ex

Visit her Website!
https://t.co/W8sOOBzv51

Find her on #Amazon!
https://t.co/NRVH3KoPPN

#middlegrade #mglit #kidlit #Greek #mythology #tween #kidsbook #nook #kindle #goodreads #IAN1 @FreshInkGroup https://t.co/utm8rPrywN",1.311290943367045e+18
1,2020-09-30 13:06:16,EsensConsulting,"#IoT : #Amazon nous en dit plus sur #Sidewalk, son réseau de 'voisinage' à faible bande passante qui utilise la technologie #bluetooth 'Low Energy' (BLE) et le spectre libre de 900 MHz pour contrôler les appareils #connectés https://t.co/lzbnVtf4sM",1.3112912732827566e+18
2,2020-09-30 13:06:15,ElliottForecast,$AMZN  pullback from the peak reached $2902- $2626 area lower from where bounce higher is taking place. 4 hour view from 9/14 update  #Elliottwave #Trading #Amazon https://t.co/i9XPggpIPH,1.3112912671717253e+18
3,2020-09-30 13:04:59,CGWarakomski,"Check out my new short on #Amazon 
It's part of the Winsome Collection. 
The Fortune Teller's Kiss.
#NewRelease 
#IARTG
#paranormalromance 
#sweetromance 
#romance
#mustread
#Kindle
#QuickRead
https://t.co/ga7Chh5NHj https://t.co/SV7n6BNWRT",1.3112909487736095e+18
4,2020-09-30 13:07:02,BEyT69L1YS24iZ1,"届いた衣装が裏地ついてなくて
カスタマーサポートから作り直しを頼んでいます…

以前は良い品が届いたのに…

#コスプレ #コスプレ問屋 #Amazon https://t.co/LIc0C6y2F3",1.311291466883375e+18
5,2020-09-30 13:07:00,BookMillions,"Estimated jackpot for the October 2, 2020 Mega Millions drawing

#MegaMillions #MegaMillionsNumbers #lottery #lotterywinner #books #ebooks #Amazon #AmazonBooks #AmazonKindle #Kindle #KindleBooks #KindleEbooks #KindleUnlimited #KindleOwnersLendingLibrary #KindleLendingLibrary https://t.co/GHWBfwDarl",1.3112914556511724e+18
6,2020-09-30 13:05:06,kana_ogawa,"【お笑いDVD】ベスト10
テレビ千鳥 vol.1 [DVD]
https://t.co/mDQptSa3UK #Amazon",1.3112909768753725e+18
7,2020-09-30 13:05:17,CoolDealCA,"Take care of that beard!!

4 Pack Beard Oil Set for $13.99!! (Retail: $25.99)

#freebies #deals #deal #moneysaver #greatdeal #steals #discount #sale #bargain #bargainhunter #bargainshopper #cheap #bestprice #Amazon  #Deals #giveaway #Deal #ganga

 https://t.co/i8kmOWLRFj https://t.co/jvAufKjx5K",1.311291024334033e+18
8,2020-09-30 13:05:32,kana_ogawa,"【お笑いDVD】ベスト10
LICENSE vol.7
https://t.co/kvyrarwfi8 #Amazon",1.3112910861454295e+18
9,2020-09-30 13:07:25,ElliottForecast,$AMZN  4 hour view from 9/22 update. Showing reaction higher taking place from blue box area. Longs should be risk free already   #Elliottwave #Trading #Amazon https://t.co/gHQ3KQzO6d,1.3112915620773642e+18
10,2020-09-30 13:07:00,getting_at,"If you have never been a penny pincher, this is the book for you, written by The King of Penny Pinchers, Dale Washington. It is the definitive guide to pinching pennies. #budget #budgetplanner #frugal #Kindle #KindleUnlimited #KindleLendingLibrary #Amazon

https://t.co/aMG6xFCNfm",1.3112914554833183e+18
11,2020-09-30 13:07:18,masa33masa333,"#任天堂 #Nintendo #Amazon

⭐️ゼルダ無双 厄災の黙示録

☆＋ゼルダの伝説 ラバーパスケース
(シーカーストーン)

 ☆＋https://t.co/1JgAqxlqO1 限定アイテム(未定)同梱

☆送料無料
Amazonでチェック♪
https://t.co/GiV53hwkTP",1.3112915321383117e+18
12,2020-09-30 13:04:48,elsuperchollo,"Yo ❤ esta oferta #Amazon 

Un Trail Form, Derbys para Hombre 

Descuentazo de locos 58% 

💵 Precio desde 41,84 EUR (Amazon Prime)

🔰 Enlace: https://t.co/FY2OLnb6o3 

🌐 https://t.co/HqiOM46roz https://t.co/FAiDnDQoiL",1.311290903823364e+18
13,2020-09-30 13:05:11,kana_ogawa,"【お笑いDVD】ベスト10
テレビ千鳥 vol.3 [DVD]
https://t.co/pq0X8ijbt7 #Amazon",1.3112909987821773e+18
14,2020-09-30 13:05:42,kana_ogawa,"【お笑いDVD】ベスト10
サウナを愛でたい [DVD-BOX]
https://t.co/wYOWNRKRBA #Amazon",1.3112911300051886e+18
15,2020-09-30 13:05:37,kana_ogawa,"【お笑いDVD】ベスト10
イケダン7 Blu-ray BOX
https://t.co/YjfHQ0Exlj #Amazon",1.3112911080941773e+18
16,2020-09-30 13:04:10,touhiduzzaman24,"@BibbiLou @Etsy Hi dear,
I like and love graphic design. I work with graphic design very sincerely.
=== My awesome Service This gig ===
Checkout :https://t.co/aTNf3nAgO4  
#BackgroundRemoval #Color_correction #Amazon
#photoshop #photographer #photo
#Retouch #touhidu #product #eBay",1.311290745395921e+18
17,2020-09-30 13:05:40,PAYTERPAYTER,"お客様に代わり弊社が商品を購入いたします！
お客様のお支払いは後払いでOK！
詳細はLINEの友達追加から！
https://t.co/QKC06Xd7Wt
#買物代行 #後払い #あと払い #つけ払い #JCBプレモ #Amazon #iTunes #即日 #現金化 #土日祝",1.311291121956348e+18
18,2020-09-30 13:04:49,YZYILY,This is a premise to secretly build the world’s largest biometric database. #amazon #spying https://t.co/YDhDSxYb9Q,1.3112909049683354e+18
19,2020-09-30 13:05:58,ElliottForecast,$AMZN  1 hour view from 9/18 Midday update presented to members at https://t.co/eFwYqfZOBF   #Elliottwave #Trading #Amazon https://t.co/v9gn18VytM,1.3112911983306015e+18
20,2020-09-30 13:06:48,skybeansmusic,"5 AHEAD https://t.co/oLzqWYDMrp #Amazon

今これ聴いてます♪",1.3112914077688545e+18
21,2020-09-30 13:06:34,XperienceDope,"Blasting James Brown - Say It Loud It Loud I'm Black &amp; I'm Proud right now on Pretty Dope Xperience Radio aka #BlackPandora

listen now and catch a wave!! https://t.co/VqKFopeoex  #nowplaying #np #RT  #NowStreaming #Streema Download Now #Alexa #GooglePlay #iOSAppStore #Amazon #",1.3112913485411533e+18
22,2020-09-30 13:05:21,kana_ogawa,"【お笑いDVD】ベスト10
ナイツ独演会 エルやエスの必需品 [DVD]
https://t.co/qfsu94uxxQ #Amazon",1.3112910424239964e+18
23,2020-09-30 13:05:47,kana_ogawa,"【お笑いDVD】ベスト10
サンドウィッチマンライブツアー2016 [DVD]
https://t.co/gp0nRlGs7c #Amazon",1.3112911519162286e+18
24,2020-09-30 13:05:26,kana_ogawa,"【お笑いDVD】ベスト10
東野・岡村の旅猿15 プライベートでごめんなさい… 北海道・流氷ウォークの旅 プレミアム完全版 [DVD]
https://t.co/Fa68Q4V0Y2 #Amazon",1.3112910642972918e+18
25,2020-09-30 13:05:06,touhiduzzaman24,"@DiaperMakeOvers Hi dear,
I like and love graphic design. I work with graphic design very sincerely.
=== My awesome Service This gig ===
Checkout :https://t.co/aTNf3nAgO4  
#BackgroundRemoval #Color_correction #Amazon
#photoshop #photographer #photo
#Retouch #touhidu #product #eBay",1.3112909770892861e+18
26,2020-09-30 13:05:04,AndrewOnRisk,Selling or reselling on #Amazon means that you need to get your liability risks covered. Here's what to know about mandatory #retailer #insurance requirements &amp; options you should be looking for: https://t.co/hcoCfr4efc,1.3112909688434647e+18
27,2020-09-30 13:05:50,ElliottForecast,$AMZN 1 hour view from 9/15 Post-Market update presented to members at https://t.co/eFwYqfZOBF  #Elliottwave #Trading #Amazon https://t.co/FWwMqxgKtW,1.3112911618401485e+18
28,2020-09-30 13:05:14,apm57652565,"#Amazon 
#jwave813 
#jwave 
#ソナーミュージック 
#レコードプレイヤー 
#レコード 

Technics SL-1200MK7-K ダイレクトドライブターンテーブルシステム テクニクス
Technics
https://t.co/aN5AMQeA4O",1.3112910130386534e+18
29,2020-09-30 13:05:45,Mukesh71412468,#Amazon  cheated me they have cheated the innocent customer who ordered first time from Amazon after building lot's faith and trust to purchase products from #Amazon and after taking one week they have not solved my problem or not get money also. https://t.co/mrlzNFeLBM,1.3112911425251697e+18
30,2020-09-30 13:06:42,LoveKissedCozy,"We tweet the best #cozymystery deals for you every day. Fine today’s bargains here. It’d be a crime to miss them! #crime #amatuersleuth #Amazon
https://t.co/KnmHUYR7fa https://t.co/uqaO4GjHUK",1.311291379893416e+18
31,2020-09-30 13:05:00,kana_ogawa,"【お笑いDVD】ベスト10
サンドウィッチマン ライブツアー2019 DVD 【封入特典】サンドウィッチマンライブツアー2020先行販売抽選応募券
https://t.co/0rkyP5Oj2d #Amazon",1.3112909549097738e+18
32,2020-09-30 13:05:34,touhiduzzaman24,"@Rhinestonediva @thriftyfifty6 Hi dear,
I like and love graphic design. I work with graphic design very sincerely.
=== My awesome Service This gig ===
Checkout :https://t.co/aTNf3nAgO4  
#BackgroundRemoval #Color_correction #Amazon
#photoshop #photographer #photo
#Retouch #touhidu #product #eBay",1.3112910974322565e+18
33,2020-09-30 13:04:20,gincarmela,"¿Sabías que puedes comprar tu #CarmelaGin a través de nuestra web y en #Amazon? ¡No te quedes sin ella! ➡️ Gastos de envío gratis a partir de 3 botellas 🛒🛒🛒
👉 https://t.co/XRufTlzDKM
👉 https://t.co/4N68ZGlms9 https://t.co/XBDB0FkcqN",1.3112907844072653e+18
34,2020-09-30 13:07:01,CouponTerri,HURRY!!!! Non-stick Silicone #Baking Mat Only $6.49. Reg Price: $12.95 at #Amazon!.... https://t.co/10P6F9bzyz,1.3112914614602588e+18
35,2020-09-30 13:06:37,rakten_kaden_,"09/30 22:06

エレクトロラックス 掃除機 スティック型 コードレ
【楽天】11980円
【Amazon】12780円

★楽天で購入すると★
 800円 お得（お得率7％）

↓お得な情報を一覧で確認出来るサイト
https://t.co/kMQYxgL6Rh

#楽天市場 #Amazon #お得 #せどり https://t.co/44xX0l4XUb",1.3112913599621243e+18
36,2020-09-30 13:06:13,AtsumiN0901,"⁦@baya60830⁩ さん、メスティンを買ったばかりですが、コレ買って❗

ストウブ 「 ラ ココット de GOHAN ブラック S 12cm 」 ご飯鍋 炊飯器 【日本正規販売品】 La ... https://t.co/riSQQXrYdb #Amazon",1.3112912607878513e+18
37,2020-09-30 13:05:01,WriteIntoPrint,"We publish a variety of interesting #books listed on #amazon: #Architecture #Art #Biographies #Cooking #Health #Mathematics #Music #Nature #Politics #Religion and a variety of class-room tested books for #children.
Visit ➡️ https://t.co/uEAzgeAxcl
#readers @WParksPublisher",1.3112909583492055e+18
38,2020-09-30 13:06:24,TheInStockRoom,"***New Deal***
ZenoPerfect Health Foods at Am...
New price up to 50% off
https://t.co/y59MHEzrvJ
#Deals #newDeals #savings #Amazon https://t.co/3VLS9qHw1R",1.3112913065478595e+18
39,2020-09-30 13:04:43,dmtoft,"‘A thrilling ride across many worlds, both illusionary and real.’ - #Amazon 5* review.

UK https://t.co/ejuuEmLbC3

USA https://t.co/r1xs4c5nMh 

#IARTG #BookBoost #amreading #amwriting #fantasy",1.311290882503725e+18
40,2020-09-30 13:06:27,chagenX,ヤバい💦古生物のサイズが実感できる! リアルサイズ古生物図鑑 新生代編 https://t.co/ruB7MMrZes #Amazon https://t.co/BNXiu7mtPL,1.3112913167398707e+18
41,2020-09-30 13:05:26,ElliottForecast,$AMZN 1 hour view from 9/11 Midday update presented to members at https://t.co/eFwYqfZOBF called for pullback to take place  #Elliottwave #Trading #Amazon https://t.co/6YUCHCvOhi,1.3112910634039788e+18
42,2020-09-30 13:05:16,kana_ogawa,"【お笑いDVD】ベスト10
テレビ千鳥 vol.2 [DVD]
https://t.co/FZ0Nw7NdD5 #Amazon",1.3112910205799875e+18
43,2020-09-30 13:05:18,CoolDealCA,"Hanes Men's 5-Pack Sports-Inspired Cool Dri Boxer Brief for $11.95!!

#freebies #deals #deal #moneysaver #greatdeal #steals #discount #sale #bargain #bargainhunter #cheap #bestprice #Amazon  #Deals #giveaway #Deal #ganga

 https://t.co/egWF56LiV9 https://t.co/qKFWL9gblD",1.3112910268841697e+18
44,2020-09-30 13:07:18,ElliottForecast,$AMZN  4 hour view from 9/19 weekend update. Showing stock reaching the blue box area where buyers were expected to appear   #Elliottwave #Trading #Amazon https://t.co/J9mnl0k9xL,1.3112915312701604e+18
45,2020-09-30 13:06:07,elsuperchollo,"💶 Super Barato 💶 #Amazon 

Under Armour - Qualifier Speedpocket Roadside Runway - Legging Mujer 

⬇⬇⬇ Bajón del 26% 

💵 Precio desde 20,10 EUR

🔰 Enlace: https://t.co/OhgP6ih9Cl 

🌐 https://t.co/WxBEKtoi5U https://t.co/VhGe2yV6HP",1.3112912326819512e+18
46,2020-09-30 13:07:00,BookNumbers,"It's probably going to be you, isn't it? You're going to win Powerball, right? Well, not if you're playing numbers that have already been picked. You need The Book of Powerball Numbers. https://t.co/LTag48BCJa

#Powerball #Kindle #KindleLendingLibrary #Amazon #AmazonBooks",1.3112914556719432e+18
47,2020-09-30 13:07:11,OfertacularRL,"‼️GANGAZO LEVI'S‼️ 👁‍🗨 #Ofertacular #Amazon #chollo #oferta #ganga

⚫️ Levi's Woods, Zapatillas para Hombre

🛒: ➡️ https://t.co/Liq0QuBRGo ⬅️ https://t.co/dQPPVqzOin",1.3112915047119462e+18
48,2020-09-30 13:05:19,touhiduzzaman24,"@CartersCollecta Hi dear,
I like and love graphic design. I work with graphic design very sincerely.
=== My awesome Service This gig ===
Checkout :https://t.co/aTNf3nAgO4  
#BackgroundRemoval #Color_correction #Amazon
#photoshop #photographer #photo
#Retouch #touhidu #product #eBay",1.3112910321353196e+18
49,2020-09-30 13:07:15,gbkdev,"Get ready for new experiences with new Amazon Explore option!  This is a new way of selling goods and services. Check out what's so great about it: https://t.co/n0e6FjLlJ2
#amazon #marketplace #CustomerService #CustomerExperience #TechNews #BreakingNews #development #business",1.3112915178148332e+18
,date,screen_name,tweet,tweet_id
0,2020-09-30 13:02:08,digiecrew,"Amazon announced a new biometric device for Amazon Go stores called Amazon One. 
https://t.co/cd2k9VWWAR

#amazon #amazonstore #amazonseller #technology #technologytakeover #technologycompany #marketing #digital  #digitalstrategy #digiecrew  #onlinestore #newtech #jeffbezos https://t.co/J4qwFS81e7",1.3112902331749335e+18
1,2020-09-30 13:02:12,renatomite,"La #newsletter con l'anticipazione sul 3° #racconto #fantascienza della #serie V-Zero è arrivata.
Nella prossima, dopo la pubblicazione, tutti i dettagli #ebook su #amazon e un'anteprima esclusiva. Dico solo che ci sarà una bussola... Intanto sbircia qui https://t.co/0fSw8RNkKR https://t.co/K7hrRpmYvn",1.311290246978564e+18
2,2020-09-30 13:02:02,mybtrmommy,"Amazon: Save up to 50% off Zone Bars, Shakes, and MORE https://t.co/PaKsnQFcPO #amazon https://t.co/WrPKk2PqnE",1.311290206641746e+18
3,2020-09-30 13:01:36,TheInStockRoom,"***New Deal***
Body Glove Dinosaur Swim Life ...
Reduced from $24.99 to $18.50
https://t.co/0EG0ufSS8n
#Deals #newDeals #Amazon https://t.co/KxqOxXoJfd",1.3112900980178084e+18
4,2020-09-30 13:01:41,nine_university,"No other program has a 5,000+ person active, vibrant, thriving, HELPFUL community like we do. Now is the time to start. 

#amazon #storefront #amazonstorefront https://t.co/dSXrmQymGd",1.3112901179407483e+18
5,2020-09-30 13:00:42,yuki_nagase,"【猫用トイレ用品】ベスト10
新東北化学工業 猫砂 フォーキャットひのき大粒タイプ 6L×7 (ケース販売)
https://t.co/cdSMLPZLf8 #Amazon",1.311289872565502e+18
6,2020-09-30 13:03:11,Kaufhold_Dix,"Here are a few tips if you find someone selling an infringing product to or through large retailers such as #Amazon, #WalMart, or #Target. #patent #invention #inventor https://t.co/vu868CtPL4 https://t.co/LNbmoQsSbA",1.311290496065704e+18
7,2020-09-30 13:00:32,yuki_nagase,"【猫用トイレ用品】ベスト10
look envy ペットマット 犬 猫 おしっこパッド ペット用 おしっこマット トイレシート 下敷き ペットシーツ 滑り止め 抗菌 脱臭 速乾 夏 丸ごと洗える エコ 超吸収 70*100cm
https://t.co/e6JnhpRVAB #Amazon",1.3112898288314941e+18
8,2020-09-30 13:03:00,BookMillions,"It's probably going to be you, isn't it? You're going to win Mega Millions, right? Well, not if you're playing numbers that have already been picked. You need The Book of Mega Millions Numbers. https://t.co/f2IUWc9OUX
#Powerball #Kindle #KindleLendingLibrary #Amazon #AmazonBooks",1.3112904492194202e+18
9,2020-09-30 13:01:42,CoolDealCA,"💲💰
Body Glove Dinosaur Swim Life ...
Reduced from $24.99 to $18.50

# #Deals #new #Deals #Amazon  #Deal #ganga

 https://t.co/Iksw53YrKw https://t.co/rDnO7BpYnM",1.3112901226300416e+18
10,2020-09-30 13:02:28,XperienceDope,"Blasting Mos Def - Umi Says right now on Pretty Dope Xperience Radio aka #BlackPandora

listen now and catch a wave!! https://t.co/VqKFopeoex  #nowplaying #np #RT  #NowStreaming #Streema Download Now #Alexa #GooglePlay #iOSAppStore #Amazon #",1.3112903152995983e+18
11,2020-09-30 13:01:41,BoostNinePro,"Skip the hard part of Amazon FBA. We have the best support team! 

#amazon #storefront #amazonstorefront https://t.co/NTy4JWI0og",1.3112901172277125e+18
12,2020-09-30 13:02:16,domadomad,【3DS】バイオハザード リベレーションズ カプコン バイオ最新作　https://t.co/vPz6Mxz8tL #amazon,1.31129026425054e+18
13,2020-09-30 13:01:34,MohaiExperiment,"""The brightest darkness""
- #BandCamp : https://t.co/ItQP1lQwUk
- #iTunes store: https://t.co/su1juy97vt
- #Amazon store: https://t.co/tJ0K6WUWqX",1.3112900888155054e+18
14,2020-09-30 13:03:00,robertstanek,"Discover William Robert Stanek today! Books for all ages. Bugville, Ruin Mist, After the Machines

#amwriting #amblogging #epicfantasy #amazon #microsoft #goodreads #bnscifi #bnkids https://t.co/6oWg7ATILb",1.311290449450025e+18
15,2020-09-30 13:02:16,hispachollos,"Licuadora Prensado en Frío, CalmDo Extractor de Zumos con Barrena de Cerámica, Boca Antigoteo, Motor Silencioso, Cepillo de limpieza, Ideal para Jugos de Frutas y Verduras Nutritivas, Sorbete, Helado  #Amazon 🇪🇸

⚡ Precio con Cupón:  ...
https://t.co/5bgcKTTqN4
#chollo",1.3112902672454492e+18
16,2020-09-30 13:03:35,Good_Day_01,"#Amazon Gift Card Generator! Generate your code and get your #discount from Amazon.

Generator Link&gt;&gt;&gt;https://t.co/bDfJinxzmU

#amazongiftcardsvenezuela #amazongiftcardcomp #amazongiftcardsarethebest #WednesdayWisdom #WednesdayThoughts",1.3112905981465477e+18
17,2020-09-30 13:02:12,SewardGroup,Did you know that @AmazonSmile allows you to designate a #charity to which they will donate a small portion of proceeds from every Amazon purchase made? (There is no price difference between #Amazon &amp; #AmazonSmile). https://t.co/NDETGooxNN,1.3112902481696522e+18
18,2020-09-30 13:04:02,79Mandal,@amazon #AmazonQuiz #Mandalpradeep #AmazonQuiz #AmazonQuiz #AmazonQuiz #AmazonQuiz #AmazonQuiz #Amazon #AmazonQuiz #AmazonQuiz @amazon @amazon @amazon #AmazonQuiz https://t.co/68NtDUHSHx,1.3112907098240287e+18
19,2020-09-30 13:00:36,SuperInfoKali,BEEILUNG! Nur noch bis zum 25.11.! Der #Amazon Mid-Season #Fashion #Sale! https://t.co/vWyO7STc4l Holt euch die #Deals!!!,1.3112898462380073e+18
20,2020-09-30 13:01:24,creativemm12,"👉https://t.co/P0x3sfMGmX #amazon👈
💯👉Auto Follower👈💯
💯👉#自動相互フォロー👈💯

#RT企画
#Bad #Bunny #Crocs
#Tottenham #vs #Chelsea
#Helen #Reddy
#followtrick
#RT企画
#followergenerator
#FollowBack
#1000ADay
#相互フォロー100
#bts
#seventeen",1.3112900474343752e+18
21,2020-09-30 13:01:37,rakten_kaden_,"09/30 22:01

ルルド リフトケア AX-HXL1810 ヘッド 
【楽天】9800円
【Amazon】11800円

★楽天で購入すると★
 2000円 お得（お得率20％）

↓お得な情報を一覧で確認出来るサイト
https://t.co/kMQYxgL6Rh

#楽天市場 #Amazon #お得 #せどり https://t.co/ZcPCGgd9t6",1.3112901000142234e+18
22,2020-09-30 13:01:01,codigos_solo,"✂️Código en TaoTronics Auriculares Bluetooth 5.0 Inalámbrico 40 Horas de Reproducción
https://t.co/S1VApjFzea

 #codigos #cupones #chollos #aliexpress #banggood #ofertas #telegram #amazon #offers #gearbest #ebay
ℹ️ Ver código ⤵️",1.3112899518128333e+18
23,2020-09-30 13:02:43,kennethclarkco,OH NO! It's the last day to join our Referral Program! Do you need some amazon credit for PRIME DAY?! It's coming up! Learn more --&gt; https://t.co/i57d3KyIll     #amazonprimeday #amazon #amazoncredit #amazonprime #rewards #referral https://t.co/DqK6jNfgZh,1.3112903771361485e+18
24,2020-09-30 13:03:28,bmurphypointman,#amazon #amazonprime #prime    Save Big on Airport Parking. Check airport parking on https://t.co/Hk21gwU6Ai,1.3112905688745615e+18
25,2020-09-30 13:04:08,ese_taisa,"#Amazon
おいAmazon。宅配ボックスにいれてくのはいいが、ちゃんとロックかけろよな？
手抜きすぎやろおまんとこの配達業者は。",1.311290734411051e+18
26,2020-09-30 13:01:15,BritonandDane,Tangled Up In You by Lelani Black https://t.co/DyuZsHHhk0  @lelaniblack #Amazon #GoodReads #EBooks,1.3112900080667566e+18
27,2020-09-30 13:01:54,Jolabokaflod,"#JolaBokaNews • ""#Bertrams administrators claim change in @amazon purchasing contributed to demise"" @ruth_comerford @thebookseller https://t.co/DWMzfh2mQc • Factors: ""#Amazon ""aggressive practices” + @TheBookPeople collapse • #Jolabokaflod #BuyGiveRead https://t.co/c9Gn8E6Kt7",1.31129017164467e+18
28,2020-09-30 13:03:19,elsuperchollo,"Gasta menos 💰 #Amazon 

Tara Ison - Reeling Through Life: How I Learned to Live, Love and Die at the Movies 

Rebajón del 29% 

💵 Precio desde 10,67 EUR

🔰 Enlace: https://t.co/aR4da6IhEo 

🌐 https://t.co/qA5qFhh2JE https://t.co/KtW9iLNdar",1.3112905277661962e+18
29,2020-09-30 13:03:48,touhiduzzaman24,"Hi dear,
I like and love graphic design. I work with the graphic design very sincerely.
=== My awesome Service This gig ===
Checkout :https://t.co/aTNf3nAgO4  
#BackgroundRemoval #Color_correction #Amazon
#photoshop #photographer #photo
#Retouch #touhidu #product #eBay",1.3112906510240932e+18
30,2020-09-30 13:01:15,elsuperchollo,"🌊 Tsunami de rebajas #Amazon 

Cappello White Logo 

Super rebaja del 29% 

💵 Precio desde 12,32 EUR

🔰 Enlace: https://t.co/s2mEOKx5JA 

🌐 https://t.co/2laOqFZsOW https://t.co/5MzQ3ExlyA",1.3112900079912591e+18
31,2020-09-30 13:02:22,lanerimar,"Il #digital #redesign di #Walmart è un altro tassello del confronto con #Amazon, dopo #Walmart+ ed il lancio di #FreeAssembly, #privatelabel di abbigliamento https://t.co/YVScnIatpF",1.3112902918743e+18
32,2020-12-04 16:50:25,ProcterGamble,"Everyone has the power to do SOMETHING. Tune in at 7 p.m. Dec. 10 to #TriState Strong: Getting to Zero to be inspired by how your neighbors &amp; familiar faces from health care, media and business have pulled together #TriStateStrong #GettingToZero",1.3349028910736097e+18
33,2020-09-30 13:04:05,amzn_deals_us,https://t.co/deyJuqlhiN Seckon Under Bed Storage Bags 2 Pack… #Amazon #Deal https://t.co/k7K2SGvczq,1.3112907205825905e+18
34,2020-09-30 13:03:47,thuhkang,$AMZN continuing to consolidate in a multisession pennant on the hourly. 3121.5 support &amp; 3190.8 resistance. #Amazon #charts #options #StockMarket https://t.co/uU52fZU2d4,1.3112906472997233e+18
35,2020-09-30 13:01:47,INDIEBOOKSOURCE,"BOOKS BY
https://t.co/nL9A1Vu6WI
AUTHOR SANDIE WILL
#Books #Authors #IARTG #Reading #Kindle #Amazon #ReadIndie  #indieauthors #ian1 #Londonislovinit #bookboost #mybookagents @rcarter67606 @JPCarter47 @SandieWillBooks https://t.co/7CdNrxmySN",1.3112901447424082e+18
36,2020-09-30 13:03:08,amzn_deals_us,"https://t.co/igdaNROqGd Pacrate Stereo Gaming Headset for PS4, Xbox One, PC with Noise Cancelling Mic - Surround Sound Gaming Headphones - Soft Memory Over Ear PS4 Headset with LED Light for Mac, Laptop #Amazon https://t.co/YdCSTHObcQ",1.3112904834155807e+18
37,2020-09-30 13:00:40,GMAgregsays,"A good idea or going too far?

Amazon One: Palm scanner launched for 'secure' payments
#Amazon #palmscanner #isthisok

https://t.co/cOcxhXlCEn https://t.co/OhiuRcNwAo",1.3112898627761275e+18
38,2020-09-30 13:02:31,AltacorEye,"#Clinitas Soothe® Multi, Rapid acting and effective relief of dry, gritty or irritated eyes in a multi-use, preservative-free bottle. #Dryeye https://t.co/a5fX5sJ3iv. Now available through #Amazon https://t.co/HbaKstI16Y https://t.co/ejaMpjZpaN",1.311290330294227e+18
39,2020-09-30 13:03:49,netcoreplus,【Amazon タイムセール】数量＆期間限定、人気商品がお買い得価格で続々登場！アマゾンのタイムセール！毎日更新！ #Amazon #アマゾン #タイムセール #セール #お買得 #おすすめ https://t.co/CWbUL7i120,1.3112906553904087e+18
40,2020-09-30 13:02:38,ilovesavingsca,Solar Ground Lights – 8 LED Waterproof Garden Path Outdoor Lighting with Light Sensor. https://t.co/qgVy7TrToW #amazon,1.3112903596710748e+18
41,2020-09-30 13:00:36,CoolDealCA,"💲💰
Hieha 7"" Digital Multimedia Un...
Reduced from $63 to $38
Coupon code: XGZKIUVW

# #Deals #new #Deals #savings #Amazon  #Deal #ganga

 https://t.co/KCopnTSHvq https://t.co/FPpKQlRm7M",1.3112898467076915e+18
42,2020-09-30 13:00:31,shinchaku,【発売日：2020/08/20】宇宙兄弟（３８） (モーニングコミックス)  https://t.co/jYzTMdPoCK #amazon,1.3112898240165847e+18
43,2020-09-30 13:02:33,stockzeus,"$BTDG B2 Digital OTC is making progress toward the launch of its new B2 Fighting Series App for distribution through #Apple TV, #Amazon Fire TV &amp; the #Android platform
#WednesdayWisdom @b2digitalotc
@frontpagestocks @JediJazz22 @ProPennyPicks @SCStocks #RT
https://t.co/wua3DzbGFh https://t.co/SVSYsyXiFs",1.3112903384227758e+18
44,2020-09-30 13:01:03,VictimOfIllusio,"""Invisible Light"" available on
- #BandCamp : https://t.co/XHDiFsRoeX
- #iTunes : https://t.co/DXSSl7wpl4
- #Amazon : https://t.co/xBLL4my70O",1.3112899610737377e+18
45,2020-09-30 13:00:38,eficiens_AM,"Un nouveau réseau lancé par #Amazon fin 2020 pour relier tous ses appareils domestiques ! 

Sidewalk connectera les enceintes Echo, les alarmes et cameras Ring et les produits Tile. Détails in @Siecledigital : https://t.co/XUazarGxPt

#innovation #digital #IoT https://t.co/enPqWSYG8O",1.3112898536995963e+18
46,2020-09-30 13:04:04,RoMemoria,"Ya puedes #leer el nuevo #libro de @RamonSomoza : EN ÓRBITAS EXTRAÑAS 13: EL REGRESO DE LA MÁQUINAS. ¡Han vuelto, dispuestas a imponer su supremacía...! ¡A la venta en #Amazon para #Kindle! #cienciaficcion https://t.co/vWZ5aF23zP https://t.co/xfm7CVK7ZC",1.311290720141992e+18
47,2020-09-30 13:00:48,yuki_nagase,"【猫用トイレ用品】ベスト10
常陸化工 トイレに流せる木製猫砂 6L×6個 (ケース販売)
https://t.co/plc1tTirkq #Amazon",1.3112898945436099e+18
48,2020-09-30 13:02:02,paveliz,Conociendo más a tus clientes a través de conversaciones – Transcripción de Audio y Análisis de Texto | Amazon Web Services https://t.co/Y9SQg5I3KV #AWS #Amazon https://t.co/9yt2e6JJmd,1.3112902045531873e+18
49,2020-09-30 13:03:58,touhiduzzaman24,"@MyVintageJewel Hi dear,
I like and love graphic design. I work with the graphic design very sincerely.
=== My awesome Service This gig ===
Checkout :https://t.co/aTNf3nAgO4  
#BackgroundRemoval #Color_correction #Amazon
#photoshop #photographer #photo
#Retouch #touhidu #product #eBay",1.3112906933320827e+18
,date,screen_name,tweet,tweet_id
0,2020-09-30 13:00:29,shinchaku,【発売日：2020/09/11】創世のタイガ（７） (イブニングコミックス)  https://t.co/eXE9tAM3Ar #amazon,1.3112898155524628e+18
1,2020-09-30 13:00:22,shinchaku,【発売日：2020/09/23】ハコヅメ～交番女子の逆襲～（１４） (モーニングコミックス)  https://t.co/8ZKkhOrLTl #amazon,1.3112897856470835e+18
2,2020-09-30 12:59:00,RMCholewa,#Amazon cria maquininha que permite pagamentos com a leitura da palma da mão https://t.co/LHl9yH8drC,1.3112894446250025e+18
3,2020-09-30 12:58:05,creativemm12,"👉https://t.co/SQIhcw5syf #amazon👈
💯👉Auto Follower👈💯
💯👉#自動相互フォロー👈💯

#FollowBack
#Bad #Bunny #Crocs
#MLB
#Roe #v. #Wade
#相互フォロー100
#RT企画
#500ADay
#相互RT
#固定ツイートRT
#フォロバ100パーセント
#TFB
#相互リツイート",1.3112892112536986e+18
4,2020-09-30 13:00:30,shinchaku,【発売日：2020/09/23】鬼灯の冷徹(31) (モーニング KC)  https://t.co/4ADWB8uCMU #amazon,1.311289822678528e+18
5,2020-09-30 13:00:00,las3claves,"👜💸📹 #Las3Claves del martes: https://t.co/4sGuriSKQj

- #Amazon va por su parte ahora en el comercio físico con su nuevo método de pago.
- #Google compró #Fitbit por una millonada en Europa.
- #Meet extendió las videollamadas gratis hasta el próximo año. https://t.co/u9MBYTaREC",1.3112896963545293e+18
6,2020-09-30 13:00:11,yuki_nagase,"【猫用トイレ用品】ベスト10
花王 ニャンとも清潔トイレ 脱臭・抗菌マット 6枚入り×3個入り [猫用トイレ]
https://t.co/t4fIl3czzl #Amazon",1.31128974096495e+18
7,2020-09-30 12:56:48,VoloCommerce,"How #Amazon UK and EU FBA inventory pools will work from 01.01.21, via @tamebay  https://t.co/sst2zbjcOr #ecommerce #marketplaces",1.3112888899953992e+18
8,2020-09-30 13:00:03,AlphaRepricer,"Alpha Repricer will increase your Amazon sales.
https://t.co/DWHYDAMwZ8
#Amazon #AmazonRepricer #AlphaRepricer #Sellers #OnlineSellers #FBA #AmazonBusiness #amazonmarketplace #fbasellers #USA #Iowa #California #NewJersey #Vermont #NewYork #Utah #Washington #Alaska #Georgia #Texas https://t.co/jYI0yWKs2R",1.3112897058797978e+18
9,2020-09-30 13:00:01,RevistaFSGamer,"Del pagar por la cara a hacerlo con la palma, la apuesta de #Amazon https://t.co/oMgVxIsLQHía",1.311289698153767e+18
10,2020-09-30 13:00:27,rs_sputnik,"Pucnjava u „Amazonu“, jedna osoba ubijena, druga ranjena /video/ 
#Amazon #video #Sputnik #SputnikSrbija
👇
https://t.co/Yw9ET8vk6e",1.3112898068156703e+18
11,2020-09-30 12:58:05,XperienceDope,"Blasting KRS-One - Sound of da Police  right now on Pretty Dope Xperience Radio aka #BlackPandora

listen now and catch a wave!! https://t.co/VqKFopeoex  #nowplaying #np #RT  #NowStreaming #Streema Download Now #Alexa #GooglePlay #iOSAppStore #Amazon #",1.3112892105324995e+18
12,2020-09-30 13:00:25,InforetailNews,"⚖️ #Normativa- La #CNMC declara a #Amazon operador #postal
y le obliga a cumplir con la normativa de este sector 📦https://t.co/0DDIPyXTwy👇",1.3112898013546783e+18
13,2020-09-30 13:00:24,shinchaku,【発売日：2020/08/13】天皇の国史  https://t.co/GPj1lmsqLr #amazon,1.31128979492062e+18
14,2020-09-30 13:00:01,Ziontrx,"¿Buscas seguridad para tu hogar? #Amazon , a través de #Ring, presentó un nuevo sistema de #videovigilancia para el hogar. Se trata de un mini dron para interiores que se conecta a una aplicación móvil, que vuela por rutas predefinidas para grabar en puntos específicos del hogar.",1.3112896985522258e+18
15,2020-09-30 13:00:27,yuki_nagase,"【猫用トイレ用品】ベスト10
デオクリーン 床を汚さない防水シート10枚
https://t.co/7eLmGjLBBa #Amazon",1.3112898069119918e+18
16,2020-09-30 13:00:01,Surfloridanow,Amazon: Ahora podrá para pagar con la palma de la mano #amazon https://t.co/tUBt3CeRyW,1.3112896986362348e+18
17,2020-09-30 13:00:24,tweets_worthy,"Discount at Checkout: Amazon has the 2020 model Apple Macbook Pro 13.3"" 10th gen Intel i5 core laptop w/ 16GB RAM 512GB SSD for $1599.99 free shipping https://t.co/4STVdrL5LD #Amazon #Apple #MacbookPro #Deals #FoundItOnAmazon https://t.co/21GzurWsuM",1.3112897936498237e+18
18,2020-09-30 13:00:02,PingPongPayment,"Join us today for the next episode of #CrossoverCommerce! 🙌💡 

At 12:30PM EST, @RyanCramer_ will be joined by Paul Baron of Chat Marketing University to discuss #Manychat and how #chatbots can be used to grow your #Amazon business! 🤖🛒

https://t.co/mHKgM6UcER",1.3112897031784653e+18
19,2020-09-30 13:00:23,2XaHbsoh4uzMhz9,"面白いゲーム探してませんか？
2020年9月30日22時の最新ゲーム・ハード売り上げランキングは？

 こちらをチェック↓
 https://t.co/J6jdP6fzKS 

#Amazon #ゲーム #ランキング #PS5 #PS4 #switch #Xbox #任天堂",1.311289791409922e+18
20,2020-09-30 12:59:36,kakicchysmusic6,https://t.co/MaMFRamliO: I Bought a New Keyboard &amp; Try: kakicchysmusic: MP3 Downloads https://t.co/aez7ssd2UX #Amazon #Prime,1.3112895942776259e+18
21,2020-09-30 12:57:23,sohag7862,"Do you need #custom #T_shirt #design so please contract Now: https://t.co/tgfYglauld

#hellowing #tshirt #summer #Amazon #dog #cat  #typography #corgi #Corgilover #fishing #gym #cat_lover #dog_lover #fish_lover #trump_2020 #followback #funny #pets #girls #spa #beutiful #love #pet https://t.co/DFXTAoAFuh",1.311289035927597e+18
22,2020-09-30 12:59:03,ShirleyMJones7,"#gift #jewellery #craft #fashion #jewelry #handmadejewelry #earrings #UniqueGifts #bridal #women #gifts #backgroundremoval #clippingpath #birthday #independenceday #kidscrafts #travel #etsy #Amazon 
#shopify #shop #ebay #USA #UK 

https://t.co/06LVsrLRqA https://t.co/PgzPUxqxSO",1.3112894546785649e+18
23,2020-09-30 12:57:03,juleniturbe,Así es la herramienta secreta de #Amazon capaz de predecir averías en las máquinas que podría revolucionar el sector industrial https://t.co/2hctP99WqT Los tentáculos cada vez abarcan más 😶 https://t.co/gl4gVUQYon,1.3112889517522698e+18
24,2020-09-30 13:00:06,yuki_nagase,"【猫用トイレ用品】ベスト10
(Free bee) 猫用トイレ本体 砂が飛び散らない 上から出入りができる 猫ちゃんも楽しい 引き出し付きトイレ
https://t.co/lkR96E8ftJ #Amazon",1.311289719083262e+18
25,2020-09-30 13:00:21,yuki_nagase,"【猫用トイレ用品】ベスト10
花王 ニャンとも清潔トイレ 脱臭・抗菌チップ 大きめの粒 2.5L×3個 [システムトイレ用]
https://t.co/dBhWDCjQ4y #Amazon",1.3112897849045033e+18
26,2020-09-30 12:59:15,ShirleyMJones7,"#gift #jewellery #craft #fashion #jewelry #handmadejewelry #earrings #UniqueGifts #bridal #women #gifts #backgroundremoval #clippingpath #birthday #independenceday #kidscrafts #travel #etsy #Amazon 
#shopify #shop #ebay #USA #UK 

https://t.co/06LVsrLRqA https://t.co/SBVl552efB",1.3112895059287695e+18
27,2020-09-30 13:00:25,shinchaku,【発売日：2020/09/04】Dr.STONE 17 (ジャンプコミックスDIGITAL)  https://t.co/N2ZJ9S8rrG #amazon,1.311289800599765e+18
28,2020-09-30 12:59:26,ShirleyMJones7,"#gift #jewellery #craft #fashion #jewelry #handmadejewelry #earrings #UniqueGifts #bridal #women #gifts #backgroundremoval #clippingpath #birthday #independenceday #kidscrafts #travel #etsy #Amazon 
#shopify #shop #ebay #USA #UK 

https://t.co/06LVsrLRqA https://t.co/rlQuLyNfPe",1.3112895506987663e+18
29,2020-09-30 12:58:51,ShirleyMJones7,"#gift #jewellery #craft #fashion #jewelry #handmadejewelry #earrings #UniqueGifts #bridal #women #gifts #backgroundremoval #clippingpath #birthday #independenceday #kidscrafts #travel #etsy #Amazon 
#shopify #shop #ebay #USA #UK 

https://t.co/06LVsrLRqA https://t.co/99UqkFzRpN",1.3112894069935186e+18
30,2020-09-30 13:00:01,yuki_nagase,"【猫用トイレ用品】ベスト10
デオトイレ 1週間消臭・抗菌シート 10枚入り×3個
https://t.co/depQBhL1g8 #Amazon",1.3112896971973714e+18
31,2020-09-30 12:57:00,robertstanek,"Discover William Robert Stanek today! Books for all ages! 

Ruin Mist
Bugville Critters
After the Machines

40 years of writing, 35 years of books

#amwriting #amblogging #epicfantasy #amazon #microsoft #amlibraries #alalibrary #nypl #libraryjournal #overdrive https://t.co/02kbdrYjDX",1.3112889387918295e+18
32,2020-09-30 12:59:55,ShirleyMJones7,"#gift #jewellery #craft #fashion #jewelry #handmadejewelry #earrings #UniqueGifts #bridal #women #gifts #backgroundremoval #clippingpath #birthday #independenceday #kidscrafts #travel #etsy #Amazon 
#shopify #shop #ebay #USA #UK 

https://t.co/06LVsrLRqA https://t.co/O8u4CnKwYl",1.3112896748543263e+18
33,2020-09-30 12:56:49,CandaceRondeaux,Worried about #USPS slowdown in the run up to #Election2020? Anxious to see all ballots counted? Don’t order any online package deliveries from #Amazon #Walmart #Target or other online stores from Oct.26 to Nov.6.,1.311288893078229e+18
34,2020-09-30 12:59:43,ShirleyMJones7,"#gift #jewellery #craft #fashion #jewelry #handmadejewelry #earrings #UniqueGifts #bridal #women #gifts #backgroundremoval #clippingpath #birthday #independenceday #kidscrafts #travel #etsy #Amazon 
#shopify #shop #ebay #USA #UK 

https://t.co/06LVsrLRqA https://t.co/NA1pjWoRHZ",1.3112896247491584e+18
35,2020-09-30 13:00:30,TheInStockRoom,"***New Deal***
Hieha 7"" Digital Multimedia Un...
Reduced from $63 to $38
Coupon code: XGZKIUVW
https://t.co/V4vkoPrEYL
#Deals #newDeals #savings #Amazon https://t.co/exorEAxQFH",1.311289822355624e+18
36,2020-09-30 13:00:16,yuki_nagase,"【猫用トイレ用品】ベスト10
Kitty and Puppy Pan M キティアンドパピーパン 猫 犬 用 足の短い猫ちゃんに 入り口高さ8cm 猫トイレ 一体成型 【外寸】幅61×奥50.5×高12.5cm【内寸】幅48×奥39×高11cm【入り口】幅27×高8cm
https://t.co/r3zWcUssRP #Amazon",1.3112897628843827e+18
37,2020-09-30 12:58:06,shinopyo,"埼玉誕生150周年☆
私が選ぶ150周年を彩る  #ロゴマーク はこれだ！
@saitama150th ではプレゼントCPを実施中！～10/12
抽選で20名に  #Amazon  #ギフト券 500円分を  #プレゼント ♪
 https://t.co/eyDIBQGkvm",1.311289217410986e+18
38,2020-09-30 13:00:23,shinchaku,【発売日：2020/09/23】青野くんに触りたいから死にたい（７） (アフタヌーンコミックス)  https://t.co/RT1kVOiXvC #amazon,1.311289789358973e+18
39,2020-09-30 12:58:26,mare2142,"あれ、良いのあるじゃん🤔
If-Products st-23 マルゼン CA870用 ストック セット ブナ材 オイル仕上げ https://t.co/yrGXnR2V1O #Amazon",1.3112893001604465e+18
40,2020-09-30 12:57:01,CoolDealCA,"Get those Amazon purchases 🎁shipped faster for free 
One month #free #Amazon Prime trial
6 month 👀 free for students
click for details
https://t.co/vkCEWOmxOz https://t.co/1YmaQSYEOg",1.31128894611098e+18
41,2020-09-30 12:57:04,RoMemoria,"Si de verdad amas la #Poesía; si, de verdad, buscas algo que te sorprenda y conmocione, entra en el universo #poético de Juan Sevillano y saborea sus #versos #Poeta #Poemas #Amazon #KindleUnlimited #Madrid https://t.co/dZftc7OhgD https://t.co/dPQ5eIakxl https://t.co/seBTXRB5Xk",1.311288958513369e+18
42,2020-09-30 12:59:52,okiami1983,"在宅イチオシのアイテムが販売再開してる。

ノートPCのUSB type Cの端子からhdmi 4k60Hz出力、同時にノートPCの充電も可能。

https://t.co/Z7lmx1SGiy #Amazon",1.3112896623468995e+18
43,2020-09-30 13:00:11,MayBeRedazione,"⏰TODAY #BOOK ADVISOR⏰

#TELEGRAMCHANNELADVISOR- https://t.co/zywYwBBui7

[#IBS]: https://t.co/LBYoTDDE9L
[#AMAZON]: https://t.co/73abpl93z6
[#FELTRINELLI]: https://t.co/MyYqYy83na

#HOMO #STUPIDUS STUPIDUS - V. #ANDREOLI

#SHOP #LIBRO #BOOK https://t.co/tdaq5GGiCL",1.311289740927406e+18
44,2020-09-30 13:00:16,ASR_Podcast,"How to build your own personal #alexa Security System:  🛡️ 
1. Turn on #Alexaguard
2. Enable Drop In
3. Use away rountines to control  💡 
#voicefirst #amazon @alexa99  @soundmasteraJ  @benjaminfalvo https://t.co/x69U2dhB0C",1.3112897640505467e+18
45,2020-09-30 13:00:24,shinchaku,【発売日：2020/09/04】僕のヒーローアカデミア 28 (ジャンプコミックスDIGITAL)  https://t.co/Dx6p1lY6sI #amazon,1.3112897961747948e+18
46,2020-09-30 12:57:55,Purilens,Be be advised that we are currently performing maintenance on our website.  You may still place orders by phone at 800-622-0777 or through Amazon #purilens #amazon,1.3112891725321134e+18
47,2020-09-30 12:58:35,ShirleyMJones7,"#gift #jewellery #craft #fashion #jewelry #handmadejewelry #earrings #UniqueGifts #bridal #women #gifts #backgroundremoval #clippingpath #birthday #independenceday #kidscrafts #travel #etsy #Amazon 
#shopify #shop #ebay #USA #UK 

https://t.co/06LVsrLRqA",1.311289338651525e+18
48,2020-09-30 13:00:25,shinchaku,【発売日：2020/09/09】わたしの幸せな結婚 2巻特装版【デジタル版限定特典付き】 (デジタル版SEコミックスプレミアム)  https://t.co/Gk6M6Uro38 #amazon,1.3112897994043843e+18
49,2020-09-30 12:57:04,CoolDealCA,"RT @: 💲💰
Gerber Organic 2nd Foods Baby ...
#New  price $1.38

# #Deals #new #Deals #Amazon  https…#Deal #ganga

 https://t.co/d93I6mQp6C https://t.co/KZ92h0nIkR",1.3112889567058207e+18
,date,screen_name,tweet,tweet_id
0,2020-09-30 12:54:12,vaiooak,"アマゾンが初の食品スーパー開設！

その名も｢Amazon Fresh｣

Amazonのビジネスモデル、消失？との考えもありましたが、転んでもただでは起きないようで。。

#Amazon #AmazonFresh #食品スーパー #Amazonプライム解約運動
https://t.co/8lVJXqWNRa",1.3112882349917102e+18
1,2020-09-30 12:56:08,AnaHassler,"NIVEA body lotion and cream with travel bag package #amazon. Order now, see more.. https://t.co/JuMF6WImaj

#USAshop @Apple @Nike @USATODAY @washingtonpost @NewYorkGOP @CommonCauseCA @NWSLosAngeles @VWnews @NewJerseyEDA @USAFoods @CareUrDeal @amazon_store_ @CookingChannel @VW https://t.co/WejvZzuEBn",1.3112887223992156e+18
2,2020-09-30 12:54:01,JobinoDE,"JOBANGEBOT: #Versandmitarbeiter (m/w) im Logistikzentrum
🏢️ bei: #Amazon
🕐 40 Stunden pro Woche / in #Vollzeit
📍 in #Winsen
😊 Stundenlohn (brutto) 11.92€
Zur Bewerbung: https://t.co/c63JzeAM6W https://t.co/MIQfoxcqxn",1.311288189383041e+18
3,2020-09-30 12:54:09,mabellestudio,"Pink Opal Ring-Gemstone Ring-Sterling Silver Ring-Opal Gemston by mabellestudio https://t.co/bR71GWD8Ib via @Etsy 

mabelleteam@gmail.com
Etsy Shop URL: https://t.co/4KObV35I6o

#mabellestudio #etsy #amazon #alibaba #ebay #natural #gemstone #naturalgemstone",1.3112882215867392e+18
4,2020-09-30 12:52:28,c2s_enterprises,"@Farefunmi1 @itsLaycon Amazon One: A new biometric technology that lets you pay with your palm!

Yes, you heard it right, contactless payments using palm reading and here’s how it’s going to work....

https://t.co/F0PBWaKYHh

#c2senterprises #amazonone #amazongo #amazon #payments https://t.co/SQyDVtl8EU",1.31128779732881e+18
5,2020-09-30 12:51:49,creativemm12,"&lt;Current Weather&gt;
Chicago
Temperature: 52.86°F/ Status: clouds
👉https://t.co/FaEVl6ip6O #amazon👈
💯👉Auto Follower👈💯
💯👉#自動相互フォロー👈💯

#followergenerator
#Yankees
#Tottenham #vs #Chelsea
#Roe #v. #Wade
#相互リツイート
#FollowNGain
#TFW
#RT企画",1.3112876356718305e+18
6,2020-09-30 12:56:36,rakten_kaden_,"09/30 21:56

(アウトレット)パナソニック コードレススティック
【楽天】29480円
【Amazon】31800円

★楽天で購入すると★
 2320円 お得（お得率8％）

↓お得な情報を一覧で確認出来るサイト
https://t.co/kMQYxgL6Rh

#楽天市場 #Amazon #お得 #せどり https://t.co/rsay3YIH0B",1.3112888375118643e+18
7,2020-09-30 12:55:29,CoolDealCA,"💲💰
Gerber Organic 2nd Foods Baby ...
#New  price $1.38

# #Deals #new #Deals #Amazon  #Deal #ganga

 https://t.co/d93I6mQp6C https://t.co/xUA8fGdaoG",1.311288557860946e+18
8,2020-09-30 12:53:03,mabellestudio,"Blue Lace Agate Ring - Sterling Silver Jewelry - Silver Bezel  by mabellestudio https://t.co/Dwttojd2bz via @Etsy 

mabelleteam@gmail.com
Etsy Shop URL: https://t.co/4KObV35I6o

#mabellestudio #etsy #amazon #alibaba #ebay #silverjewelry #beads #jewelryrings #jaipur #india",1.3112879457567007e+18
9,2020-09-30 12:54:15,prankushb,"Diwali Sale 2020 | Flipkart Big Billion Days &amp; Amazon Great Indian Festival - Dates &amp; Offers ?

https://t.co/1tiFOZBwG0

#FlipkartSale #AmazonSale #Tech #Flipkart #Amazon #DiwaliSale #Diwali #Smartphone #BigBillionDays #GreatIndianFestival #GreatIndianFestivalGames #Smartphone https://t.co/aLgAZgDWsq",1.3112882494452818e+18
10,2020-09-30 12:55:01,CeptBiro,"Amazon lance Amazon One, un moyen de paiement qui repose sur la paume de la main
https://t.co/M3qF8FhNaS

https://t.co/rvPNNxNP9g #Infosec #Security #Ceptbiro #Cybersecurity #Amazon #AmazonOne",1.311288439036412e+18
11,2020-09-30 12:53:18,TeleDigitale,"#Dirittitv #ChampionsLeague, #Amazon in campo contro #SkySport https://t.co/zUrVLNyRb1",1.3112880098207048e+18
12,2020-09-30 12:54:46,CoolDealCA,"💲💰
Seven Dials Women's Leawood Fl...
Reduced from $59 to $15

# #Deals #new #Deals #savings #Amazon  #Deal #ganga

 https://t.co/yhtPIErQz9 https://t.co/a7W4QFxaBq",1.3112883775521014e+18
13,2020-09-30 12:50:10,c2s_enterprises,"@BbnaijaAnalyst Amazon One: A new biometric technology that lets you pay with your palm!

Yes, you heard it right, contactless payments using palm reading and here’s how it’s going to work....

https://t.co/F0PBWaKYHh

#c2senterprises #amazonone #amazongo #amazon #payments https://t.co/bKumzyorv9",1.311287221262127e+18
14,2020-09-30 12:55:23,TheInStockRoom,"***New Deal***
Gerber Organic 2nd Foods Baby ...
New price $1.38
https://t.co/qCXTWw4rYM
#Deals #newDeals #Amazon https://t.co/MDkuzq5NFZ",1.3112885328210493e+18
15,2020-09-30 12:50:05,LouJo_ve,"Check it out! I Will design amazing instagram content for your product https://t.co/w4KPCHVxUs

#ecommerce #marketing #business #entrepreneur #digitalmarketing #onlineshopping #ecommercebusiness #fashion #seo #webdesign #website #b #amazon #branding #startup #shopify #socialmedia",1.3112871999340995e+18
16,2020-09-30 12:53:54,apm57652565,"#Amazon 
#jwave813 
#jwave 
#ソナーミュージック 
#レコードプレイヤー 
#レコード 
https://t.co/osOOOsRbcc",1.3112881580136325e+18
17,2020-09-30 12:50:35,JyotiSahai,"Phone for Seniors with #Amazon Alexa

@msharmas @HCITExpert @hitconsultant 

#HIMSS20 #HITsmIND #healthcare #eldercare #smartphone #PatientEngagement #PatientExperience #PatientCare #homecare #mobileapps #telehealth #Telemedicine #publichealth #innovation

https://t.co/NBgy15oOih",1.31128732693751e+18
18,2020-09-30 12:50:06,Idaean,"Crímenes imperdonables, sesiones de ouija, un amor perdido, un pueblo maldito por una historia que ya nadie recuerda... Sumérgete en una de las 5 novelas finalistas del #Premioliterario2017 de #Amazon. Enlace Amazon: https://t.co/PIJIxQaFgN https://t.co/ZHZx06gwM6",1.3112872014063575e+18
19,2020-09-30 12:54:40,TheInStockRoom,"***New Deal***
Seven Dials Women's Leawood Fl...
Reduced from $59 to $15
https://t.co/PQLPtMBlkl
#Deals #newDeals #savings #Amazon https://t.co/nTvUxFxcVD",1.3112883527427932e+18
20,2020-09-30 12:49:46,evantagestore,"Adding product reviews to your #Amazon eCommerce store can gradually help you reach your conversion goals. 

Take help from the industry experts 👉 https://t.co/PAZ5QNtq2P

#amazonreview #productreview #ecommercereview #onlinestorereview #ecommerce #ecommercestores  #amazonseller",1.3112871205945672e+18
21,2020-09-30 12:53:18,hispachollos,"🌀 Mini Amoladora Eléctrica, Ginelson Herramienta rotativa multifunción con Eje Flexible/Portabrocas Sin Llave/ 150 Accesorios para Manualidad y Creación Bricolaje. #Amazon 🇪🇸

🕘 PRECIO FLASH: 24,62€

💶 Precio oferta: 28,99€ 💥

💳 Enla ...
https://t.co/UICxZI3C2W
#chollo",1.3112880071781908e+18
22,2020-09-30 12:54:55,Chappy88,"Maccheroni /マカロニ [ PAL, Reg.2 Import ]  (2006) https://t.co/6veOFb4KKG #Amazon
イタリア語に堪能な方は是非😽",1.311288415967572e+18
23,2020-09-30 12:51:35,paoloigna1,Quando vedo concorrenza va molto bene...#ecommerce #Shopify l'anti #amazon via @Corriere https://t.co/CvNCBb0x1V,1.3112875770985718e+18
24,2020-09-30 12:49:46,seabassinfo,"釣りの防寒着として流行りの電熱ベストを購入する前に見て下さい。
↓　↓　↓
https://t.co/5Ezb9IT6A5
#釣り防寒着 #電熱ベスト #Amazon #アマゾン https://t.co/jXBiOnDAXf",1.311287121131438e+18
25,2020-09-30 12:50:09,mrwriterman79,"A couple of new fab 5 🌟 reviews for #NevadaNoir, one from a US reader via #Goodreads and one in the UK on #Amazon. Thanks so much to each and every person who takes the time to rate and review. You are legends. https://t.co/YGwqCmuGEN",1.3112872176298598e+18
26,2020-09-30 12:53:56,BritonandDane,A Midsummer Night's Demon by Brenda Sparks  @brenda_sparks https://t.co/dMkSJ1Rsb7 via #amazon #romance #bookboost,1.3112881678746583e+18
27,2020-09-30 12:53:37,kynkya,"𝐋𝐈𝐁𝐄𝐑𝐓𝐈𝐍𝐄 𝟏 
📚𝓐𝓓𝓡𝓘𝓔𝓝 
👉Un hombre abandonado por el amor de su vida. 
👉Una mujer obligada a cumplir las normas arcaicas de su familia. 
👉DISPONIBLE: https://t.co/oyCwMh0fin 
#KindleUnlimited #amazon #kindle #leer #Romance #amazonkindle https://t.co/GQde2DBkPP",1.3112880880738304e+18
28,2020-09-30 12:50:38,blogosum,"#Books to cut the #road: Neither Here nor There: Travels in Europe by Bill Bryson

 https://t.co/C97yjFaaPj 

 #amazon #amazondeals #deals #travel #goodbook #reading #story #book #readbooks #favoritebooks #motivation #inspiration https://t.co/gKQ2HhlbqS",1.311287339033989e+18
29,2020-09-30 12:51:12,XperienceDope,"Blasting Bob Marley &amp; The Wailers - Get Up Stand Up right now on Pretty Dope Xperience Radio aka #BlackPandora

listen now and catch a wave!! https://t.co/VqKFopeoex  #nowplaying #np #RT  #NowStreaming #Streema Download Now #Alexa #GooglePlay #iOSAppStore #Amazon #",1.311287481850114e+18
30,2020-09-03 18:26:48,LenovoLegion,"Lenovo Legion x @PlayApex
Now is your chance to rise above the rest. 
Unmatched performance, purposeful engineering, modern design.
Gear up with a machine as savage as you are.
Stylish outside.
Savage inside.",1.301587465258578e+18
31,2020-09-30 12:52:03,Tux_Love,"Thriller Fiction, Suspense and Murder! #KindleBargain #WomensFiction #Kindiebookpromo #IReadEverywhere #BookBuzz #Amazon https://t.co/LQV3ZdBv5f",1.3112876923745976e+18
32,2020-09-30 12:50:05,RoMemoria,"EL #CIRINEO (Una #Parábola sobre la impostura) ¿Quieres #Leer un #Relato #Impactante y magistralmente escrito? ¡Aquí lo tienes! ¡Sorpréndete y disfrútalo! #Relatos #ElmejorRelato #Amazon #KindleUnlimited
https://t.co/RGvjDfuU5j
https://t.co/MpTULAhNe5 https://t.co/YiVDnYiLRF",1.3112871981933445e+18
33,2020-09-30 12:50:04,ReneRobichaud,"Amazon lance Amazon One, un moyen de paiement qui repose sur la paume de la main
https://t.co/jipljJ4fok

https://t.co/TP2ZycpD2J #Infosec #Security #Ceptbiro #Cybersecurity #Amazon #AmazonOne",1.3112871945947054e+18
34,2020-09-30 12:52:20,Pizzazz_Books,"Evil comes in all shapes and forms.
★DANGEROUS REACH★
🦉https://t.co/sXx3VHnkLQ

https://t.co/UKVN6SHwWH #IARTG #amazon
""@CynB_Ainsworthe
✎via Pizzazz Book Promotions https://t.co/OfIQDxahgO
https://t.co/ZpopaWiJDQ",1.311287766836228e+18
35,2020-09-30 12:52:52,offerte_it,"#Sony MDR-7506 #Cuffie Stereo, Dinamiche Professionali, Driver da 40 mm, Adattore 3.5mm / 6.3mm, Nero
#Amazon #amazonprime #AmazonPrimeDay 

💰SCONTO DEL 24%     
💶RISPARMI € 31,00
❌DA € 130,00
✅A € 99,00

💥Vai all’offerta👇
https://t.co/XR2RWTNs6z",1.311287901305688e+18
36,2020-09-30 12:52:12,RetroGameSearch,"Contra Short Sleeve Tee #Amazon #US #RetroGaming #RetroGames #RetroGameSearch
🔗 https://t.co/MK4bSXCP7d *",1.3112877328162202e+18
37,2020-09-30 12:55:01,CouponTerri,Reload your #Amazon Gift Card Balance w/$100 or more Get a $10 Reward (Applicable on First Reload Only)..... https://t.co/MqudDtnObv,1.311288440839975e+18
38,2020-09-30 12:52:14,484da,"Dr. Ph. Martin's Bombay India Ink, 0.5 oz, Set of 12 (Set 2) https://t.co/CbAiMLtuOd #Amazon
このインク、今日まで50%オフクーポンがあって格安だと感じポチった訳でしたが…水で滲まない線画描きたい方にオススメしたい┏( .-. ┏ ) ┓アナログはいいぞ※人様のアナログ絵見たいだけ奴",1.3112877388013732e+18
39,2020-09-30 12:51:28,IamSaptagiri,"Just arrived #Sapthagiri #Express Movie in #Amazon #Prime #Videos. I hope everyone enjoy the Movie. Love you All. Download and Subscribe #amazonprime
@PrimeVideoIN https://t.co/oRjvpXlFdd https://t.co/xNLisM5RbE",1.311287548392534e+18
40,2020-09-30 12:50:14,learningcurveca,"Toronto Canada Streetcar Tram 11"" x 14"" Unframed Art Print/Poster by The Learning Curve Photography on @amazon 

https://t.co/9NiQujLZwi

#amazon #photography #posters #prints #toronto #blackandwhitephotography #bnw #originalphotography",1.311287238643323e+18
41,2020-09-30 12:56:00,danklefstad,"#PreOrder #amazon https://t.co/W0an5CGwqh

UK https://t.co/i5ZVmZtotd #vampires https://t.co/QWhgk85XYb",1.3112886870203884e+18
42,2020-09-30 12:51:24,c2s_enterprises,"@BbnaijaAnalyst Amazon One: A new biometric technology that lets you pay with your palm!

Yes, you heard it right, contactless payments using palm reading and here’s how it’s going to work....

https://t.co/F0PBWaKYHh

#c2senterprises #amazonone #amazongo #amazon #payments https://t.co/ULhtM9knxe",1.311287530646573e+18
43,2020-09-30 12:56:28,SanyoIN,"What is the difference in the 2 pictures? 

Buy now: https://t.co/LHj9jBBHEu

#Sanyo #androidtv #smarttv #ledtv #amazon #engagement #spotthedifference https://t.co/ZqJDTIMA5h",1.311288805891154e+18
44,2020-09-30 12:51:35,rakten_kaden_,"09/30 21:51

炊飯器 3合 ホワイト RC-MD30-W送料無料
【楽天】5480円
【Amazon】5680円

★楽天で購入すると★
 200円 お得（お得率4％）

↓お得な情報を一覧で確認出来るサイト
https://t.co/kMQYxgL6Rh

#楽天市場 #Amazon #お得 #せどり https://t.co/HfyW2jGCKv",1.3112875773668188e+18
45,2020-09-30 12:53:00,Haidji,"""They suffered with his death-and she-she suffered with their reaction to it."" #books click on https://t.co/Jv4IfW8cgV  
 #quoteoftheday #quotes #kindleunlimited #bookquotes #read #ebook #ku  #paperback #amazon  #inspiration #haidji #goodreads #books #read #reading #BookBoost https://t.co/XOUVAYeU7F",1.3112879321587958e+18
46,2020-09-30 12:54:47,Charlie_Cawood,"The Weeknd - Blinding Lights #bigtimeradio https://t.co/N76xPoatRr @Charlie_Cawood @BigTimeRadio1 @bigtime_news
 on #Amazon Echo &amp; App https://t.co/c7cZfm4MQo  #Top40 #Music 247 #Worldwide 3 #Radio #Stations 43 #Countries #Interviews #Billboard https://t.co/JiPHr6jZyC  #SUBMI",1.3112883813479547e+18
47,2020-09-30 12:50:25,anbu0905,"ディズニープラスから『Amazon Fire TV Stick』が送られてきた😍
ほんとに仕事運以外は好調中✨

#Disney #ディズニープラス
#Amazon #FireTVStick https://t.co/tCPb32AJDl",1.3112872834174566e+18
48,2020-09-30 12:50:00,tubamedog,"コナミデジタルエンタテインメント 遊戯王OCGデュエルモンスターズ WORLD PREMIERE PACK 2020 BOX 

https://t.co/yn403Rs1Dh

#Amazon
#遊戯王",1.3112871781445263e+18
49,2020-09-30 12:54:06,sheffdeals,"Acer Nitro 27"" WQHD IPS Monitor for $299.99; retail $449.99

Click Link Below👇
https://t.co/8W2dTngxav

#deals #amazon #amazonprime #PresidentialDebate2020 #Debates2020 #debates #BlackTechTwitter #developers #Election2020  #GoogleDoodle #Apple #twitch #gamers #ps5 #sheffdeals https://t.co/E3YKRGGiOA",1.3112882088865546e+18
,date,screen_name,tweet,tweet_id
0,2020-09-30 12:41:53,DlgPartners,#faithjustice #romance #NewRelease #bookslovers #availablenow #books #books #booksofinstragram #mustreads #amazon #romancelovers #kindleunlimited #kindle https://t.co/FZTF4eIXPX https://t.co/snLNwN3MIs,1.3112851338493665e+18
1,2020-09-30 12:40:53,TheInStockRoom,"***New Deal***
27"" Acer Nitro XV272U Pbmiiprz...
Reduced from $449.99 to $300
https://t.co/XL3YLAqRqq
#Deals #newDeals #Discounts #Amazon https://t.co/grgwqN55JN",1.3112848860792422e+18
2,2020-09-30 12:47:05,coachmikefox,They are great. Also made Aria book into a movie. #scifibooks #Amazon #writerslift #WritingCommunity #Writer https://t.co/XX9hWzPyvd,1.3112864446573814e+18
3,2020-09-30 12:42:10,amazonmiimama,"新規アカウントOK🙆‍♀️
初心者、経験者大歓迎♪
レビュー反映後、PayPalにて
全額返金致します(๑˃̵ᴗ˂̵)💕
興味のある方はDMにてお気軽に
お声掛け下さい💌

#Amazon #Amazonレビュー
#レビュー　#レビュアー募集
#無料商品　#プレゼント https://t.co/8knbVO8khS",1.311285208843391e+18
4,2020-09-30 12:43:00,Tarrako1162,"🔥CHOLLO! #Amazon | 

📢CALVIN KLEIN #ETERNITY MEN agua de tocador vaporizador 100 ml

#PRIME

   ❌ Antes: 73,00€
   🔥 PRECIO OFERTA: 33,90€🔥 -54%
   🔰 Enlace: https://t.co/UfUV9eNQGH https://t.co/Lszv2IRLD5",1.3112854155178435e+18
5,2020-09-30 12:46:35,ebusyworldindia,Women's Saree Collection - @ebusyworldindia #ebusyworldindia #FoundItOnAmazon #AmazonInfluencer #AmazonFashionFinds #AmazonBeautyExpert @Amazon #Amazon #Womensaree #saree https://t.co/bitENNGVr0 via @amazon,1.3112863164080824e+18
6,2020-09-30 12:45:17,SuperInfoKali,#Amazon als Plattform für #Kickstarter Projekte aka Amazon #Launchpad! Wie cool ist das denn? Schaut selbst! https://t.co/JFPaHDB6cx,1.31128599248205e+18
7,2020-09-30 12:47:03,jemsconnect,"1 Killed, 1 Injured in Shooting at Florida #Amazon Facility https://t.co/RmgRRBbztu https://t.co/gnPwU3zqDA",1.3112864369986478e+18
8,2020-09-30 12:40:53,DlgPartners,#kimknight #historicalromance #books #lovers #historicalfiction #historicalhottie #historical #romance #modernlove #love #preorder #comingsoon #KindleUnlimited #kindle #booksofinstragram #amazon: https://t.co/Zy6GcqoBNk https://t.co/FVEFWVwxko,1.3112848821743575e+18
9,2020-09-30 12:48:57,tubamedog,"遊戯王OCG デュエルモンスターズ SELECTION 10 BOX

https://t.co/p4BJGHo5y9

#Amazon
#遊戯王",1.311286913374933e+18
10,2020-09-30 12:42:10,8284reptiles,"尾上製作所(ONOE) 干しかご ON https://t.co/leQAZkpPAE #Amazon

カナヘビのケージもうこういうのでいいんじゃないかなって思ってきた",1.3112852051565978e+18
11,2020-09-30 12:40:46,2BRUKREW,"Demons &amp; Vampires vs. Gunfighting Priests &amp; an Immortal Knight! Read about all HELL BREAKING LOOSE in: Keepers Of The Gate! .99 on #Amazon! Action-Packed Supernatural #horror/#fantasy! 
https://t.co/aGmThnbvQs
https://t.co/dQcijhT0Q7
https://t.co/3OHDhHxkA5
#BookRecommendations https://t.co/cjDousk502",1.3112848531411968e+18
12,2020-09-30 12:46:22,hispachollos,"🌀 ammoon 21 ""Soprano Sapele 42mm Ukelele regalo Delgado Diseño. #Amazon 🇪🇸

🔘 Marca la casilla del cupón de descuento que se encuentra debajo del precio

🕘 PRECIO FLASH: 42,31€

💶 Precio oferta: 54,99€ 💥

♻️ Reacondicionado: 33,01€

 ...
https://t.co/YOyF0meyEP
#chollo",1.3112862650615357e+18
13,2020-09-30 12:46:22,Mike_Flys,Amazon Announces Security Drone That Flies Around Your Home https://t.co/QoMEMAxxTN #amazon,1.311286264432341e+18
14,2020-09-30 12:47:44,di_atibatinYANG,"Google usa VS eBay cina 
#tokopedia #lazada #bukalapak #amazon #Alibaba #linkaja 
🤖 Optimus prime 
👽 megatron
 🦄 unicorn https://t.co/NyKwjta950",1.3112866066832056e+18
15,2020-09-30 12:41:34,rakten_kaden_,"09/30 21:41

パナソニック　Panasonic NP-TCR4 
【楽天】42801円
【Amazon】42900円

★楽天で購入すると★
 99円 お得（お得率0％）

↓お得な情報を一覧で確認出来るサイト
https://t.co/kMQYxgL6Rh

#楽天市場 #Amazon #お得 #せどり https://t.co/OXacydHgzE",1.3112850574121984e+18
16,2020-09-30 12:43:48,misssfc2019_no1,"アマゾン、月額約530円で男性向けファッションアイテムが届く新サービス開始 ！👏👏
https://t.co/M4mAZ6UxfV
#小杉倫瑞季 #学生パーソナリティ
#Voicy #amazon #アマゾン",1.3112856179599565e+18
17,2020-09-30 12:45:34,MikeSaurbaugh,"Quite a timely chapter starting in October from @RyanHoliday’s book. Each day, a 30-second read and good way to start the day. The Daily Stoic: 366 Meditations on Wisdom, Perseverance, and the ... https://t.co/agLExqK4zq #Amazon https://t.co/IK0n8c09a2",1.3112860646618808e+18
18,2020-09-30 12:48:44,ikari26,"アマゾン提携の配送業者「デリバリープロバイダ」の追跡や再配達、問い合わせ、回避方法を、こちらのブログで紹介しています！ #Amazon #デリバリープロバイダ

【Amazon】デリバリープロバイダの一覧、追跡と再配達の方法をまとめました

https://t.co/ne3jbEudu1",1.3112868613278228e+18
19,2020-09-30 12:42:49,Panda0611Panda,"ちょっと…
日本語…おかしいですよ…
もう少しお勉強なさってくださいませ…

#偽装メール
#Amazon https://t.co/EooXkW3ggn",1.311285369439023e+18
20,2020-09-30 12:48:28,tommy24432,"アイリスオーヤマ マスク 美フィットマスク 小さめ 7枚 個包装 ピンク https://t.co/OqZdAVyVSv #Amazon

転売禁止が解除に成ってからと言うもの、軒並み高いね😓",1.3112867935898092e+18
21,2020-09-30 12:45:08,mitti_ind,"As we approach the festive seasons, do check out #mitti's new folding #ecofriendly red jute kandil made by our gorgeous #womenartisans.  

#Amazon: https://t.co/SZ3VKVAaiB
#Flipkart: https://t.co/vvUAFISp9q

 #womanmade #womenempoweringwomen #amazondotin #amazonkarigar #diwali https://t.co/07DWtx9IWA",1.3112859540788838e+18
22,2020-09-30 12:46:40,TenyMariya,"Are you planning to create apps with a rich user experience without paying for costly developers❓ We've got your back!!

Hands-On Low-Code Application Development with Salesforce'' by @Enreeco  is now available for pre-order only on #Amazon  https://t.co/maliuHdgH6

#Salesforce",1.3112863406342922e+18
23,2020-09-30 12:46:35,rakten_kaden_,"09/30 21:46

ロボット掃除機 DEEBOT OZMO 920 高
【楽天】39800円
【Amazon】44300円

★楽天で購入すると★
 4500円 お得（お得率11％）

↓お得な情報を一覧で確認出来るサイト
https://t.co/kMQYxgL6Rh

#楽天市場 #Amazon #お得 #せどり https://t.co/3eOQdcVJtM",1.3112863175069123e+18
24,2020-09-30 12:41:20,c2s_enterprises,"@macpherson_01 Amazon One: A new biometric technology that lets you pay with your palm!

Yes, you heard it right, contactless payments using palm reading and here’s how it’s going to work....

https://t.co/F0PBWaKYHh

#c2senterprises #amazonone #amazongo #amazon #payments https://t.co/Z7EAziQhBq",1.3112849984488325e+18
25,2020-09-30 12:44:53,MOPPY91320845,DOUBLE BELL M16A4 リアル刻印 メタル 電動ガン ブラック No.055 https://t.co/ojvu8RB8Wb #Amazon 画像を見るとFN刻印なのに、何故か届いた奴はColt刻印だった笑,1.311285888651899e+18
26,2020-09-30 12:46:04,elsuperchollo,"Esto es la 💣 #Amazon 

New Balance - 574v2 Core Trainers, Zapatillas para Hombre 

Descuentazo de locos 39% 

💵 Precio desde 60,99 EUR (Amazon Prime)

🔰 Enlace: https://t.co/3JBkJQnmp9 

🌐 https://t.co/aioX37y66h https://t.co/8TdQia2wb8",1.3112861893249966e+18
27,2020-09-30 12:46:13,XperienceDope,"Blasting Public Enemy - Rebel Without A Pause right now on Pretty Dope Xperience Radio aka #BlackPandora

listen now and catch a wave!! https://t.co/VqKFopeoex  #nowplaying #np #RT  #NowStreaming #Streema Download Now #Alexa #GooglePlay #iOSAppStore #Amazon #",1.3112862281978225e+18
28,2020-09-30 12:43:24,c2s_enterprises,"@PossyOge Amazon One: A new biometric technology that lets you pay with your palm!

Yes, you heard it right, contactless payments using palm reading and here’s how it’s going to work....

https://t.co/F0PBWaKYHh

#c2senterprises #amazonone #amazongo #amazon #payments https://t.co/Sv3lSnEAyz",1.3112855185424384e+18
29,2020-09-30 12:44:54,creativemm12,"#ラングスジャパン の ラングスジャパン(RANGS) キネティックサンド 2LB
https://t.co/0YUWufTIwD
#RT企画
#미국구매대행
#amazon
#MLB
#Life #BBC #drama
#學生津貼",1.3112858964869038e+18
30,2020-09-30 12:45:52,c2s_enterprises,"@bukola_blvck Amazon One: A new biometric technology that lets you pay with your palm!

Yes, you heard it right, contactless payments using palm reading and here’s how it’s going to work....

https://t.co/F0PBWaKYHh

#c2senterprises #amazonone #amazongo #amazon #payments https://t.co/CBRUnbvtBC",1.3112861373575127e+18
31,2020-09-30 12:45:07,JoelPintoRomero,"¿Tienes #preguntas de #ventas? En mi libro ""¿Vendedor?¿Yo? - Manual de Ventas para #Emprendedores"" encontrarás muchas #respuestas, en un lenguaje sencillo. Cómpralo hoy mismo en #amazon Sólo €9,95 - #emprendedor #formacion #ventas #gestioncomercial https://t.co/JLMCEvlyO4 https://t.co/V5gMdmjAqe",1.311285950736216e+18
32,2020-09-30 12:46:28,tonkachi97,ターゲット プロプレイヤー ジャックポット エイドリアン・ルイスモデル ジェネレーション2 バレル スティール 25g 122575 https://t.co/tLbwLxfA59 #Amazon 日本でこの価格は安いかな？　１セット限定だし25gだが,1.31128628752606e+18
33,2020-09-30 12:41:31,2BRUKREW,"Demons &amp; Vampires vs. Gunfighting Priests &amp; an Immortal Knight! Read about all HELL BREAKING LOOSE in: Keepers Of The Gate! .99 on #Amazon! Action-Packed Supernatural #horror/#fantasy! 
https://t.co/aGmThnbvQs
https://t.co/dQcijhT0Q7
https://t.co/3OHDhHxkA5
#WritingCommunity https://t.co/cjDousk502",1.3112850454122824e+18
34,2020-09-30 12:45:06,DeniseSanger,Sure is. How about you? Get this cute sign via amazon affiliate link here: https://t.co/hogoFH63Bs #amazon #ad,1.3112859451912724e+18
35,2020-09-30 12:41:41,XperienceDope,"Blasting Common - Celebrate (Intro) Club) right now on Pretty Dope Xperience Radio aka #BlackPandora

listen now and catch a wave!! https://t.co/VqKFopeoex  #nowplaying #np #RT  #NowStreaming #Streema Download Now #Alexa #GooglePlay #iOSAppStore #Amazon #",1.311285086994813e+18
36,2020-09-30 12:40:28,Charlie_Cawood,"Louis Tomlinson - Walls #bigtimeradio https://t.co/N76xPoatRr @Charlie_Cawood @BigTimeRadio1 @bigtime_news
 on #Amazon Echo &amp; App https://t.co/c7cZfm4MQo  #Top40 #Music 247 #Worldwide 3 #Radio #Stations 43 #Countries #Interviews #Billboard https://t.co/JiPHr6jZyC  #SUBMI",1.3112847803785871e+18
37,2020-09-30 12:40:48,c2s_enterprises,"@PossyOge Amazon One: A new biometric technology that lets you pay with your palm!

Yes, you heard it right, contactless payments using palm reading and here’s how it’s going to work....

https://t.co/F0PBWaKYHh

#c2senterprises #amazonone #amazongo #amazon #payments https://t.co/OPnAi2Mhoj",1.3112848646547415e+18
38,2020-09-30 12:41:05,pleadesu,"“素敵な本です。
在る

それ”は在る https://t.co/mGrNrwL1MU #Amazon",1.3112849358866145e+18
39,2020-09-30 12:48:03,macinfosoft,"#Amazon takes on #Google_Stadia with #Luna #cloud_gaming service
https://t.co/XCBCac5DmR https://t.co/y7zdcGayeJ",1.311286689583829e+18
40,2020-09-30 12:45:24,walz10432,調べたらゴルフのなんかなんだけどゴルフやらんのでやっぱり注文してないと思う　#Amazon #ゴルフ　#誤配　？ https://t.co/huYqfJPYli,1.3112860186501693e+18
41,2020-09-30 12:41:00,filmpunkttv1,"Frodo will mitspielen
 #HerrDerRinge #Amazon #Serie
 
 https://t.co/qSltdqvbMW",1.311284911903576e+18
42,2020-09-30 12:48:17,tenbaida,"【パソコンマウス】

利益＋4000円✨

＃Amazon ＃楽天 ＃メルカリ ＃ラクマ ＃副業 ＃成り上がり ＃会社 ＃起業 ＃転職 ＃転売 ＃物販 https://t.co/CdowWGST95 https://t.co/WTatrnGqlS",1.3112867452044861e+18
43,2020-09-30 12:41:00,CoolDealCA,"💲💰
27"" Acer Nitro XV272U Pbmiiprz...
Reduced from $449.99 to $300

# #Deals #new #Deals #Discounts #Amazon  #Deal #ganga

 https://t.co/Sl8qsjnDWY https://t.co/0Zla44QKif",1.3112849132247777e+18
44,2020-09-30 12:41:41,DlgPartners,#kddubois #paranormal #preorder #Paranormalauthors #threelittlepigs #kindleunlimited #kindle #paranormalromance #booksofinstragram #comingsoon #booklovers #books #mustreads #amazon: https://t.co/EfhPnfRXkh https://t.co/Qhj2CRNY4W,1.3112850857784484e+18
45,2020-09-30 12:47:21,c2s_enterprises,"@Biisi96 Amazon One: A new biometric technology that lets you pay with your palm!

Yes, you heard it right, contactless payments using palm reading and here’s how it’s going to work....

https://t.co/F0PBWaKYHh

#c2senterprises #amazonone #amazongo #amazon #payments https://t.co/ap7PR5qtyv",1.3112865133810156e+18
46,2020-09-30 12:47:30,chollodescuento,"New post in CHOLLOS y DESCUENTOS: ⁣FLASH Aparato de Pedicura Recargable con 3 Rodillos - Elimina Piel Seca y Endurecida, por 17,33€ #Amazon

Enlace: https://t.co/5UItzggGuE
Código: No necesita

Visto: https://t.co/tssN0NBD8Q https://t.co/R3aK8OMKFx",1.3112865509116477e+18
47,2020-09-30 12:45:04,Lapequenaasia,"Crea tu #lista de nacimiento en #Amazon
Ahorra un 15%, regalo de bienvenida...

👉https://t.co/VuDsVy4l2u https://t.co/b1Cc0ZfxOa",1.311285936077054e+18
48,2020-09-30 12:43:48,VEMVintage,"HUGE MEMORABILIA SALE 
https://t.co/sgwTZjeHcI
https://t.co/FaSxSB83zl
#racism #black #Chicago #Antifa #virus #riots #news #police #Trump #COVID  #protest #Republicans #Amazon #president #Biden #Sinatra #BLM #NewYork #NFL
 #LPs #albums #music #records #sports #movies https://t.co/fxOGeQy3tP",1.3112856183794975e+18
49,2020-09-30 12:44:17,cronicaglobal,#Amazon | El gigante tecnológico lanza un sistema de pago #contactless con la palma de la mano en las tiendas de los EEUU #tecnología #ecommerce https://t.co/jqZVl7T2sB,1.3112857400436326e+18
,date,screen_name,tweet,tweet_id
0,2020-09-30 12:33:40,AshleySimmonsDC,Coming soon to a Whole Foods near you. #Amazon introduces contactless palm-recognition technology. #biotech  https://t.co/TxNn4vVgfF,1.3112830666530857e+18
1,2020-09-30 12:37:09,SandyLeigh19,"Looking for a sexy military book to read? Seduced by the Marine Dom (The Erogenous Zone) by Brandi Evans.

https://t.co/eNoxWk9AcA

#brandi_evans #sandyleighpa #amazon https://t.co/j1M8rlJyLG",1.3112839430403195e+18
2,2020-09-30 12:33:13,creativemm12,"👉https://t.co/zeoNo734ww #amazon👈
💯👉Auto Follower👈💯
💯👉#自動相互フォロー👈💯

#固定ツイートRT
#Astros
#Tottenham #vs #Chelsea
#Mac #Davis
#相互RT
#TeamFollowback
#フォロバ100パーセント
#相互リツイート
#1000ADay
#followtrick
#bts
#seventeen",1.3112829553529037e+18
3,2020-09-30 12:33:04,RoMemoria,Te invito a #Leer #ElmejorLibro Poesía reunida (1970-2015) Toda la #Poesía de Juan Sevillano. Ahora disponible en #Amazon #PAPEL : https://t.co/3en3y4gDAu  ; #Kindle : https://t.co/p36R1Wito3 https://t.co/j6ERwnfFpP,1.311282916295471e+18
4,2020-09-30 12:40:05,EZoneLimited,"October is our Customer Appreciation Month #CAM 🎊&amp;   #AmazonPrimeDay 🛍️.  So, ship  with us &amp; get rewarded 🎁.
.
.
.
.
.
#eZoneLogistics #YouShopWeShip #Amazon #PrimeDay
#Sales #LifeMadeeZ #AmazonPrime #CustomerAppreciationMonth #CAM  #October13And14 #PrimeDays https://t.co/uX6NM2fHFM",1.3112846837165588e+18
5,2020-09-30 12:35:37,kana_ogawa,"【猫用おもちゃ】ベスト10
猫 おもちゃ 猫トンネル キャットトイ ネコ用品 水洗い可能 折りたたみ式 収納便利 S型 2穴付きキャットトンネル 長いネコトンネル 猫遊び ストレス発散 運動不足 対策 ペット玩具 ペット用品 (カラフル)
https://t.co/3jK4D2WW1D #Amazon",1.311283559349379e+18
6,2020-09-30 12:35:00,kana_ogawa,"【猫用おもちゃ】ベスト10
猫壱 キャッチ・ミー・イフ・ユー・キャン2 猫用電動おもちゃ
https://t.co/pwLM526NBV #Amazon",1.3112834054771753e+18
7,2020-09-30 12:34:19,miriammramz,"#RT @rsinaki:

#lasdiosashabitanenlatierra Proyecto en curso, by @rsinaki Protagonista y coautora: @miriammramz
Pronto, en #Amazon
#libros #antropología #lecturarecomendada

https://t.co/vd9rY31tPq",1.3112832321477345e+18
8,2020-09-30 12:36:34,rakten_kaden_,"09/30 21:36

【大人気　注文殺到】【当店人気　国内REFA正規品
【楽天】18980円
【Amazon】19000円

★楽天で購入すると★
 20円 お得（お得率0％）

↓お得な情報を一覧で確認出来るサイト
https://t.co/kMQYxgL6Rh

#楽天市場 #Amazon #お得 #せどり https://t.co/n0zAsnVPjE",1.3112837976907407e+18
9,2020-09-30 12:37:05,XperienceDope,"Blasting 2Pac - Holler If Ya Hear Me (Black Caesar Mix) Inst) right now on Pretty Dope Xperience Radio aka #BlackPandora

listen now and catch a wave!! https://t.co/VqKFopeoex  #nowplaying #np #RT  #NowStreaming #Streema Download Now #Alexa #GooglePlay #iOSAppStore #Amazon #",1.3112839269719532e+18
10,2020-09-30 12:35:32,kana_ogawa,"【猫用おもちゃ】ベスト10
ミュー (mju:) 猫用おもちゃ ニャンコロビー サークル ナチュラル
https://t.co/MA1JnvhuHK #Amazon",1.3112835373377454e+18
11,2020-09-30 12:34:32,LogistikExpres1,"Industrial and logistics specialist Prologis is planning to expand its Prologis Park Beddington Lane scheme in Croydon, South London, following the acquisition of an adjacent 4.5 acre site.  #Amazon #ECommerce #Leasing https://t.co/YM4818aIuU",1.311283287688708e+18
12,2020-09-30 12:35:42,kana_ogawa,"【猫用おもちゃ】ベスト10
Mersuii 猫おもちゃ 魚 動く 電動魚 猫用 ぬいぐるみ 動く 魚おもちゃ USB充電式 フィッシュキャットトイ ぴちぴちとはねる 運動不足 ストレス解消 爪磨き 噛むおもちゃ (サケ)
https://t.co/DnO1YaBpjO #Amazon",1.311283581424083e+18
13,2020-09-30 12:35:22,kana_ogawa,"【猫用おもちゃ】ベスト10
猫おもちゃ 猫じゃらし 13点 セット 天然 羽 交換 し易い 竿 付き ねこじゃらし 猫のおもちゃ
https://t.co/IegshcocyG #Amazon",1.3112834935995474e+18
14,2020-09-30 12:35:06,kana_ogawa,"【猫用おもちゃ】ベスト10
Aritan 猫のおもちゃ ペット用品 遊ぶ盤 ペット 回転 ボール 猫じゃらし おもちゃ 運動不足 ストレス解消 知育玩具 安全素材 木製 ナチュラル
https://t.co/NmS7bULLk1 #Amazon",1.3112834274301583e+18
15,2020-09-30 12:34:48,chollodescuento,"New post in CHOLLOS y DESCUENTOS: ⁣OFERTÓN Tenda AC6 - Router inalámbrico, Doble Banda, AC1200, 4 puertos Megabit, WiFi Inteligente, 4 Antenas, por 24,64€ #Amazon

Enlace: https://t.co/CECtTYU61V
Código: No necesita

Visto: https://t.co/tssN0Nk1Kg https://t.co/jrlwaKQ6Cr",1.311283351085437e+18
16,2020-09-30 12:33:09,Vin_Singanmalli,I played this interesting Quiz on Amazon https://t.co/aSZT8nhdI4 #Amazon,1.3112829380807598e+18
17,2020-09-30 12:36:14,GratisCasi,"⁠ MINI PRECIO #Amazon

Crema Autobrillante Incoloro Kiwi Tarro de Cristal

AHORA 2.40€
Envío gratuito

: https://t.co/wiU2uLNb6w

Más chollos en OFERTACULAR
https://t.co/1aLHIgE0D3 https://t.co/Q0E3RjaGtN",1.311283714396164e+18
18,2020-09-30 12:39:51,williangameplay,"Ainda em estoque e no topo dos mais vendidos na Amazon!
Compre pelos links que ajudam a fortalecer o canal 😉

#XboxSeriesX #XboxSeriesS #Amazon https://t.co/IFzlxpzcEc",1.3112846226558812e+18
19,2020-09-30 12:35:11,CoolDealCA,"Perfect home office addition 🏠

AstroAI Mini Fridge for $44.99!!

#freebies #deals #deal #moneysaver #greatdeal #steals #discount #sale #bargain #bargainhunter #cheap #bestprice #Amazon  #Deals #giveaway #Deal #ganga

 https://t.co/96Z5VAOnBM https://t.co/t0enngD9Kz",1.311283448024363e+18
20,2020-09-30 12:35:11,kana_ogawa,"【猫用おもちゃ】ベスト10
ペティオ (Petio) 猫用おもちゃ けりぐるみ エビ
https://t.co/uQ1RHkddN5 #Amazon",1.311283449303425e+18
21,2020-09-30 12:39:54,xxHATAKUNxx,ブシロード ヴァイスシュヴァルツ ブースターパック サーカス 20th Anniversary BOX https://t.co/Cz2orvk05x #Amazon,1.3112846386318787e+18
22,2020-09-30 12:33:43,XperienceDope,"Blasting YG - Fdt (feat. Nipsey Hussle) right now on Pretty Dope Xperience Radio aka #BlackPandora

listen now and catch a wave!! https://t.co/VqKFopeoex  #nowplaying #np #RT  #NowStreaming #Streema Download Now #Alexa #GooglePlay #iOSAppStore #Amazon #",1.3112830811401544e+18
23,2020-09-30 12:36:35,Negro26daCB,"@o_antagonista A Pandemia foi só uma #Gripezinha  e os Incêndios na #Amazon são apenas foguinhos dos Índios e Caboclos,  segundo Nosso Líder Supremo @jairbolsonaro .

#amazonorbolsonaro",1.3112838015664497e+18
24,2020-09-30 12:39:29,DlgPartners,#Aprilaluna #paranormal #comingsoon #paranormalromance #preorder #booklovers #books #twisted #booksofinstragram #mustreads #amazon #kindleunlimited #kindle https://t.co/abxIQuXwGt https://t.co/fuGhWRSw5F,1.3112845301631836e+18
25,2020-09-03 18:26:48,LenovoLegion,"Lenovo Legion x @PlayApex
Now is your chance to rise above the rest. 
Unmatched performance, purposeful engineering, modern design.
Gear up with a machine as savage as you are.
Stylish outside.
Savage inside.",1.301587465258578e+18
26,2020-09-30 12:40:14,preseem,"#WirelessWednesday Microsoft raises the stakes in telecom fight against AWS and Google
 https://t.co/fTYykEKae6

#Microsoft #AWS #Amazon #Azure #5G #Connectivity",1.3112847189530092e+18
27,2020-09-30 12:36:29,TheInStockRoom,"***New Deal***
Case Logic 15"" Laptop and Tabl...
Reduced from $45 to $20
https://t.co/L4gS0YtBeY
#Deals #newDeals #savings #Amazon https://t.co/0wbTVzNoeQ",1.3112837781832008e+18
28,2020-09-30 12:37:10,OfertacularRL,"‼️MINI PRECIO‼️ 👁‍🗨 #Ofertacular #Amazon #chollo #oferta #ganga

⚫️ Crema Autobrillante Incoloro Kiwi Tarro de Cristal

🛒: ➡️ https://t.co/4udw4i5KSF ⬅️ https://t.co/QPKgjuxSvB",1.3112839498098688e+18
29,2020-09-30 12:39:00,amoelcordero,"""In a blog post, the company unveiled its own #palmrecognition technology, known as #AmazonOne. The #technology, first rolling out in... #Seattle, will use people's palms to identify them.""
#Amazon introduces ability to pay with your hands | Fox Business - https://t.co/7OBwitsBiP",1.3112844120390083e+18
30,2020-09-30 12:39:11,c2s_enterprises,"Amazon One: A new biometric technology that lets you pay with your palm!

Yes, you heard it right, contactless payments using palm reading and here’s how it’s going to work....

https://t.co/F0PBWaKYHh

@amazonIN @amazon
#c2senterprises #amazonone #amazongo #amazon #payments https://t.co/UMhzpjlpm0",1.311284454464389e+18
31,2020-09-30 12:35:49,TheTicketingBiz,You have to hand it to @amazon! The online retail giant is bringing palm recognition technology to stadium and arena entry with Amazon One. More here: https://t.co/ay7QsyKk6k #ticketing #Amazon,1.3112836100125737e+18
32,2020-09-30 12:35:48,kana_ogawa,"【猫用おもちゃ】ベスト10
Aubllo 猫 おもちゃ 魚おもちゃ キャットニップのおもちゃ 魚 電動 猫用ぬいぐるみ 電気猫用おもちゃ 猫用ぬいぐるみ 猫運動不足 ストレス解消 爪磨き 噛むおもちゃ キャットニップおもちゃ USB充電 (ソウギョ)
https://t.co/K2jgpnhY6R #Amazon",1.3112836033602888e+18
33,2020-09-30 12:34:15,LogistikExpres1,Schon seit Monaten wird bei Amazon für die bevorstehende Weihnachtssaison geplant.  #Amazon https://t.co/6AngrrRH8a,1.311283214351315e+18
34,2020-09-30 12:38:24,Donaldverger,Love - Rare Blues &amp; Aqua Sea Glass Heart Poster Print. 11x14 Great f... https://t.co/qDJxg9RNSo #Amazon #giftidea,1.311284257478914e+18
35,2020-09-30 12:36:35,CoolDealCA,"💲💰
Case Logic 15"" Laptop and Tabl...
Reduced from $45 to $20

# #Deals #new #Deals #savings #Amazon  #Deal #ganga

 https://t.co/rjcaImCWuD https://t.co/JSMDPmJBZn",1.3112838029715415e+18
36,2020-09-30 12:40:26,DlgPartners,#michelleldelagarza #paranormal #preorder #paranormalromance #comingsoon #booklovers #books #scifi #booksofinstragram #mustreads #amazon #kindleunlimited #kindle https://t.co/0u0QrUyQXK https://t.co/GSSknEHH7I,1.3112847728539484e+18
37,2020-09-30 12:38:09,anilkumar2k14,"#1day for #PreOrder #Amazon 
#ajourneywith2angels #LoveStory #fiction #octoberrelease #invinciblepublisher https://t.co/t11RaHlCdE",1.3112841979363574e+18
38,2020-09-30 12:38:36,Protoman2022,"It's Wonder Woman Wednesday, when every women can be Wonder Woman! And look at all these lovely versions of her. #wonderwoman #dccomics #costume #amazon #wonderwomanwednesday #heroine #superheroine #art https://t.co/IvCRk1Yruf",1.3112843076218266e+18
39,2020-09-30 12:34:33,2ggame,"最新 Apple iPad (10.2インチ, Wi-Fi, 32GB) - シルバー (第8世代) https://t.co/4Qu25d56q6 #Amazon",1.3112832903435018e+18
40,2020-09-30 12:36:56,Vin_Singanmalli,I played this interesting Quiz on Amazon https://t.co/rGWzbEMFp6 #Amazon,1.311283889113981e+18
41,2020-09-30 12:35:16,kana_ogawa,"【猫用おもちゃ】ベスト10
猫 おもちゃ 猫じゃらし タンブラー 玩具車 自動 ネコ おもちゃ 猫のおもちゃ ペットねこ おもちゃ ボ一ル 自動回転 一人遊び ストレス解消 運動不足 解消 知育玩具 安全素材 ホワイト
https://t.co/z5a2l7fRfu #Amazon",1.311283471591981e+18
42,2020-09-30 12:36:32,ilovesavingsca,Hydrolyzed Bovine Collagen Powder https://t.co/qejAJd42be #amazon,1.3112837899649024e+18
43,2020-09-30 12:34:02,loveup3110,"埼玉誕生150周年☆
私が選ぶ150周年を彩る  #キャッチコピー はこれだ！
@saitama150th ではプレゼントCPを実施中！～10/12
抽選で20名に  #Amazon  #ギフト券 500円分を  #プレゼント ♪
 https://t.co/vYiQ2SlHwg",1.3112831599007212e+18
44,2020-09-30 12:34:53,chollodescuento,"New post in CHOLLOS y DESCUENTOS: ⁣OFERTÓN Tenda AC6 - Router inalámbrico, Doble Banda, AC1200, 4 puertos Megabit, WiFi Inteligente, 4 Antenas, por 24,64€ #Amazon

Enlace: https://t.co/CECtTYCvan
Código: No necesita

Visto: https://t.co/tssN0NBD8Q https://t.co/jPZR7fHSi9",1.3112833722290012e+18
45,2020-09-30 12:35:00,nnnpart,"この本めちゃくちゃ欲しいな！

スタジオジブリの 食べものがいっぱい: 徳間アニメ絵本ミニ https://t.co/gyyCo2XlyV #Amazon",1.311283405347152e+18
46,2020-09-30 12:38:56,N700__SAKURA,"Amazonから届いたが、後味悪すぎ。
2連続で希望してないに設定したのに、置き配達された。
しかも、梱包折られて
カスタマーとの電話が2時間にも及んだよ。
#Amazon
#アマ損",1.311284393697112e+18
47,2020-09-30 12:37:35,hispachollos,"🌀 TECLAST Tablet PC 11.6 Pulgadas M16 10 Núcleo 4GB RAM 128GB ROM Androide 8.0 FHD IPS MTK Helio P70 GPS 4G WiFi Tipo C. #Amazon 🇪🇸

🕘 PRECIO FLASH: 173,39€

💶 Precio oferta: 204,99€ 💥

💳 Enlace: https://t.co/0uv2OGwfHH

✨ 30 días gr ...
https://t.co/0rU313FFBG
#chollo",1.3112840521174016e+18
48,2020-09-30 12:33:04,TyroneMermaid,#ad #amazon #doinkable https://t.co/hl9g5y4fyt,1.3112829170464563e+18
49,2020-09-30 12:37:52,Patrickz,"I test #wowza #LLHLS with #iPhone #iOS14. Low Latency around 800ms (end to end).  It really not bad if compare with #WebRTC.

Also I wonder if #Amazon #IVS not support iOS14.

#mediastream #video #streaming #broadcast #LowLatency https://t.co/Qh8oN60wqJ",1.311284123705602e+18
,date,screen_name,tweet,tweet_id
0,2020-09-30 12:32:00,Izhar03433390,#Amazon Quiz https://t.co/TN4FKKZz9h,1.3112826489381478e+18
1,2020-09-30 12:30:00,dotndot,"Social Media: Latest News &amp; Updates!!

#linkedin #microsoft #zoom #apple #amazon #godaddy #facebook #artificialintelligence #datascience #machinelearning #google #socialmedia #androidappdevelopment #app #digital #digitalmarketing #deeplearning #datascientist https://t.co/tWwRDAXFgg",1.3112821470475633e+18
2,2020-09-30 12:32:49,MenudoPaquete,"🌟 [𝗠𝗲𝗻𝘂𝗱𝗼 𝗣𝗮𝗾𝘂𝗲𝘁𝗲] 🌟

🔊 Huawei Mediapad T3 10 - Tableta 9.6"", HD IPS, WiFi, Procesador Quad-Core Snapdragon 425, 2GB RA #amazon

🌍 Enlace: https://t.co/YrMZBFN3lA

Te esperamos en telegram: https://t.co/IbEojfZpa4 https://t.co/YbaRMG0G56",1.3112828531042918e+18
3,2020-09-30 12:32:37,Gabriel_satanya,"BUFFALO 外付けハードディスク 4TB テレビ録画/PC/PS4/4K対応 静音&amp;コンパクト 日本製 故障予測 みまもり合図 HD-AD4U3 - https://t.co/5yz7ZyBG2p
 #バッファロー #外付けHDD #気に入ったらRT #Amazon",1.3112828015518925e+18
4,2020-09-30 12:30:40,ClarkHoward,"Clark is expecting @AmazonPrime Day 2020 #deals to be some of the #bestdeals we've seen! Here's everything you need to know to kickoff your #holidayshopping...

#Amazon #AmazonPrimeDay #AmazonPrime #shopping #shoppingtips #christmasshopping https://t.co/SDWZVEHGR7 https://t.co/XGBgBUHLVm",1.311282312378753e+18
5,2020-09-30 12:30:39,consejosparaVD,"MENTE POSITIVA, RESULTADOS CUMPLIDOS ¡TU GUÍA!==)) https://t.co/doyqRIW7ZG #Superacion #Amazon #lee https://t.co/Ceub9C2BcF",1.3112823092121313e+18
6,2020-09-30 12:30:06,WCCBCharlotte,"Purchase power no longer in your hand, it is your hand. #Amazon unveiled Amazon One on Tuesday. It’s a platform that allows people to pay with their palm. MORE: https://t.co/YgOjMlMqE9 #WCCB #news",1.3112821715297894e+18
7,2020-09-30 12:30:06,RoMemoria,"Si de verdad amas la #Poesía; si, de verdad, buscas algo que te sorprenda y conmocione, entra en el universo #poético de Juan Sevillano y saborea sus #versos #Poeta #Poemas #Amazon #KindleUnlimited #Madrid https://t.co/dZftc7OhgD https://t.co/dPQ5eIakxl https://t.co/1KZUh3rI5y",1.3112821689460736e+18
8,2020-09-30 12:30:21,yuki_nagase,"【犬用トイレ】ベスト10
アイリスオーヤマ フチもれしにくいトレーニングペットトレー ホワイト ワイドサイズ用
https://t.co/slnktxk53l #Amazon",1.311282235014697e+18
9,2020-09-30 12:30:05,consejosparaVD,LUCÍA Y EL REPOSO DE LAS PALABRAS. Dos historias. Dos épocas. Un amor indestructible. Una revelación que lo cambiará todo. Descúbrela en #amazon Tú marcas la diferencia. #pepafraile #suspenseromantico #queleer #librosqueenamoran ➡️https://t.co/rKAP5QVWlj https://t.co/QKZIcuvXGY,1.311282166987477e+18
10,2020-09-30 12:32:47,OnlyGearBest,"🌟 [𝗢𝗻𝗹𝘆 𝗚𝗲𝗮𝗿𝗯𝗲𝘀𝘁] 🌟

🔊 Huawei Mediapad T3 10 - Tableta 9.6"", HD IPS, WiFi, Procesador Quad-Core Snapdragon 425, 2GB RA #amazon

🌍 Enlace: https://t.co/APWHrpNJUs

Te esperamos en telegram: https://t.co/mPaN5u2fFj https://t.co/dvDYuJedC9",1.3112828445646848e+18
11,2020-09-30 12:30:26,TheInStockRoom,"***New Deal***
Shoes at Amazon
New price up to 75% off
https://t.co/IWJHmOpjyV
#Deals #newDeals #savings #Amazon https://t.co/23sWfWb87A",1.3112822531552584e+18
12,2020-09-30 12:30:27,yuki_nagase,"【犬用トイレ】ベスト10
アイリスオーヤマ トレーニング犬トイレ ホワイト レギュラーサイズ用
https://t.co/joymx7TmNN #Amazon",1.311282256896381e+18
13,2020-09-30 12:31:58,rajandshree,"#FedEx are the most customer unfriendly courier service in India. My package is in their warehouse for two days and no urgency! They don't attend calls, nor respond. FedEx, learn from #Amazon",1.3112826383432172e+18
14,2020-09-30 12:30:37,yuki_nagase,"【犬用トイレ】ベスト10
アドメイト わんトレー ブラック レギュラー
https://t.co/NonXQt1HPF #Amazon",1.3112823007311053e+18
15,2020-09-30 12:30:06,yuki_nagase,"【犬用トイレ】ベスト10
ペティオ (Petio) 片手でらくらく ドッグトレー ブラウン 犬用 レギュラー
https://t.co/EdH6LdZdL7 #Amazon",1.3112821693360865e+18
16,2020-09-30 12:31:44,AlphaRepricer,"Alpha Repricer cheapest repricer for Amazon India.

https://t.co/Cu3pvzl3yB

#Amazon #AmazonRepricer #AlphaRepricer #amazonindia #sellersofAmazon #fba #India #fbasellers #Mumbai #NewDelhi #Delhi #Chennai #Pune #Hyderabad #Bangalore https://t.co/2YE8rcISId",1.311282582206718e+18
17,2020-09-30 12:30:11,yuki_nagase,"【犬用トイレ】ベスト10
リッチェル しつけ用ステップ L型トレー レギュラー ダークブラウン
https://t.co/Ee3aDXWXj1 #Amazon",1.3112821912428995e+18
18,2020-09-30 12:30:42,yuki_nagase,"【犬用トイレ】ベスト10
ボンビアルコン (Bonbi) しつけるウォールトレー アイボリー 犬用 S サイズ
https://t.co/oBHdvYKWdb #Amazon",1.3112823227343462e+18
19,2020-09-30 12:31:00,JAlanField,"#Scifi lovers: have you read the Starhold Series yet? 
Four exciting #Ebooks make one action-packed #spaceopera adventure!
Available at #Amazon and #KindleUnlimited
Visit https://t.co/AysyHUOhTr

#scifi #eBook #KU #amreading #mustread #greatreads #indieauthors #IARTG https://t.co/evg9CcgJLa",1.3112823959166648e+18
20,2020-09-30 12:31:09,MountWebTech,"**Benefits of Amazon Marketing Services in 2020**

https://t.co/F0f3CsGg86

#Amazon #amazonmarketing #marketing  #AmazonMarketingServices",1.3112824364209562e+18
21,2020-09-30 12:30:48,yuki_nagase,"【犬用トイレ】ベスト10
AK KYC おしっこパッド ペット用 2枚入り 犬 猫 おしっこマット シート 80x90cm ペットシーツ 洗濯 エコ 再利用 制菌 超吸収 速乾 トレーニングパッド
https://t.co/3BvsaMf2q0 #Amazon",1.3112823447083008e+18
22,2020-09-30 12:32:46,loveup3110,"埼玉誕生150周年☆
私が選ぶ150周年を彩る  #ロゴマーク はこれだ！
@saitama150th ではプレゼントCPを実施中！～10/12
抽選で20名に  #Amazon  #ギフト券 500円分を  #プレゼント ♪
 https://t.co/lbFzQNY36z",1.3112828434404393e+18
23,2020-09-30 12:32:41,AmazonReviewES,"Hora de comer⁣
⁣
Aquí van los chollacos: 🤘 --&gt; https://t.co/jh4usbbGa3⁣
#chollos #amazon #rebajas #gangas #barato #otoño #autumn #winterIsComming #cool #bufanda https://t.co/Z4Db2hzZWJ",1.3112828195120538e+18
24,2020-09-30 12:32:24,TheFortuneTell5,"It's amazing how desperate #WallStreet is.
#Micron keeps saying, for 2yrs, that #DRAM &amp; $NAND demand is weak, yet analysts try to convince the company that it's wrong.
1) Citi $C: #Amazon's DRAM order will ease Q4 inventory backlog
$MU #Semiconductors $SOXX $SMH $SOXL #Technology",1.3112827476804485e+18
25,2020-09-30 12:29:58,Climateforest,Congratulations to all #EquatorPrize Winners! #Alianza #Ceibo from #Ecuador unites 4 #indigenous peoples to protect over 20k square km of primary rainforest across 70 communities in Ecuadorian #Amazon #NatureNow #NatureforLife Read more about the winners https://t.co/mbTTEjVRkH https://t.co/7FzCkF4jwG,1.3112821355007631e+18
26,2020-09-30 12:31:07,TheInStockRoom,"***New Deal***
Denco NFL Pittsburgh Steelers ...
Reduced from $179.99 to $37.38
https://t.co/gr9aHZBl7l
#Deals #newDeals #Amazon https://t.co/cZfjFDCRRE",1.3112824275501507e+18
27,2020-09-30 12:31:14,emikotakemoka,"本日発売🎊 9月30日発売🎊 【2020年09月30日発売】 
#Amazon  #FireTVStick - Alexa対応音声認識リモコン付属 （ストリーミングメディアプレーヤー） Amazon ブラック B07ZZY2DFW

#アマゾン

私も買いたいのですがコジマが1番ポイント付くのかな🤔

Prime Video、YouTube、 https://t.co/ePs79sgmGn",1.3112824550436946e+18
28,2020-09-30 12:32:14,giocarmon,"°°--   La versione ebook del libro #Antalogia Volume II: i #battenti a soli 6,18 € - Oltre 200 foto tutte a colori da #Amazon 
https://t.co/Wy1Xhgy8Kb https://t.co/RGWCvRfQgO",1.311282708790866e+18
29,2020-09-30 12:31:13,CoolDealCA,"💲💰
Denco NFL Pittsburgh Steelers ...
Reduced from $179.99 to $37.38

# #Deals #new #Deals #Amazon  #Deal #ganga

 https://t.co/kQXGpkkKTA https://t.co/5fF4tzqB0O",1.3112824517806408e+18
30,2020-09-30 12:32:45,Wiki_fox,"❗️Momento mascherine! Chirurgiche spedite da Amazon❗️
📣Mascherine chirurgiche, confezione da 50📣 
📌Mascherine in tessuto regolabili, Filtraggio 95%

▪️#AMAZON 
💰Prezzo  €12,99  - 50 mascherine 
🛒 Acquista https://t.co/EpS0P9NY8b
🚚Spedizione Amazon
🌐Da Acquistare… https://t.co/gdqDdrTmdI",1.3112828357985894e+18
31,2020-09-30 12:30:02,YabRock,相澤 冬樹 の 「安倍官邸 vs. NHK 森友事件をスクープした私が辞めた理由」 を #AmazonJP でチェック！ https://t.co/ZZfms4vhzR #アマゾン #Amazon #森友学園 #森友問題 #森友疑獄 #アッキード事件 #NHK #アベ政治を許さない,1.3112821519004221e+18
32,2020-09-30 12:31:44,eKhabriTweets,"https://t.co/iG3UJH9QnE

#ekhabri #ekhabrinews #Discovery #nationalgeography #Amazon #fish",1.311282580239442e+18
33,2020-09-30 12:32:35,janine_forte,#amazon We're really relying on you for some MUCH needed help. Going hybrid this year is so difficult when my students lack the most basic materials. Looking for a few Angels to sprinkle some 💕our way! https:/www.amazon.com/hz/wishlist/dl/invite/d8Yc9EY?ref_=wl_share,1.3112827948831662e+18
34,2020-09-30 12:31:34,rakten_kaden_,"09/30 21:31

Panasonic ラムダッシュ セット替刃 外刃
【楽天】6200円
【Amazon】6700円

★楽天で購入すると★
 500円 お得（お得率8％）

↓お得な情報を一覧で確認出来るサイト
https://t.co/kMQYxgL6Rh

#楽天市場 #Amazon #お得 #せどり https://t.co/hEnhmk1yNk",1.3112825376127345e+18
35,2020-09-30 12:30:16,yuki_nagase,"【犬用トイレ】ベスト10
リッチェル お掃除簡単ステップ壁付トイレ ダークブラウン レギュラー
https://t.co/Xf8y0MLIK8 #Amazon",1.3112822131036283e+18
36,2020-09-30 12:30:01,yuki_nagase,"【犬用トイレ】ベスト10
アイリスオーヤマ フチもれしにくいトレーニングペットトレー ホワイト レギュラーサイズ用
https://t.co/v4S4KsMNR7 #Amazon",1.3112821474292367e+18
37,2020-09-30 12:32:03,domadomad,【PS3】真・三國無双6 猛将伝(プレミアムBOX)　【初回特典つき】 by コーエーテクモゲームス https://t.co/1haIPoPqEh #amazon,1.3112826622171914e+18
38,2020-09-30 12:30:13,_KSterling_,"Step inside, Reader,
    I’ll show you how to love a monster. 

#mmromance #mm #Romance #RomanceReaders #GayRomance #book #books #ComingSoon #Amazon #KindleUnlimited #halloweenromance #spookyseason https://t.co/MKymHSfUMc https://t.co/ft975TJEbI",1.3112822011752243e+18
39,2020-09-30 12:32:48,reinadellowcost,"🌟 [𝗟𝗮 𝗿𝗲𝗶𝗻𝗮 𝗱𝗲𝗹 𝗟𝗼𝘄𝗰𝗼𝘀𝘁] 🌟

🔊 Huawei Mediapad T3 10 - Tableta 9.6"", HD IPS, WiFi, Procesador Quad-Core Snapdragon 425, 2GB RA #amazon

🌍 Enlace: https://t.co/qrwseu84lm

Te esperamos en telegram: https://t.co/Jxndx9pJCJ https://t.co/SZ6mZPbbkM",1.3112828488135107e+18
40,2020-09-30 12:30:03,amazon_rankinQ,"【イヤホン】
ゼンハイザー プロフェッショナルモニタリングイヤホン IE 40 PRO CLEAR 【国内正規品】
￥12,218
https://t.co/xAsym8NjsU
#amazon",1.311282158284071e+18
41,2020-09-30 12:30:33,MobileMiniUK,"⭐#SpotTheDifference time!⭐ Spot all 3 differences in this #MMSpotted for the chance to win a £20 #Amazon voucher!

To enter:
➡️ Like this post
➡️ Direct message us with the 3 differences

The winner will be announced on Friday… good luck!
#MobileMiniUK #Prize #Competition https://t.co/470MdVNm3o",1.3112822822595092e+18
42,2020-09-30 12:30:32,creativemm12,"👉https://t.co/2einCCsDst #amazon👈
💯👉Auto Follower👈💯
💯👉#自動相互フォロー👈💯

#TeamFollowback
#Astros
#Tottenham #vs #Chelsea
#Helen #Reddy
#RT企画
#相互フォロー100
#1000ADay
#TeamFollowBack
#followtrick
#固定RT
#FollowNGain
#followermachine",1.3112822788241777e+18
43,2020-09-30 12:30:16,hispachollos,"🌀 Hasbro Star Wars Máscara Electrónica Yoda, multicolor (E0329). #Amazon 🇪🇸

💶 Precio oferta: 9,57€ 💥 (PVP normal: 12,91€)

💳 Enlace: https://t.co/k2Ha6Yf0xG

✨ 30 días gratis de Amazon Music Unlimited : https://t.co/dnJe9X8AvY

👁 Vi ...
https://t.co/z1eqbU01sD
#chollo",1.3112822109520937e+18
44,2020-09-30 12:30:16,fkdyn,"@iichic0 この辺りで攻めるしかない

iHoven Stage Light, Stage Lighting, Magic Ball, Crystal, RGB, Mu... https://t.co/xfBGLeDHiD #Amazon",1.3112822137286083e+18
45,2020-09-30 12:30:36,Libreria_Mundo,LUCÍA Y EL REPOSO DE LAS PALABRAS. Dos historias. Dos épocas. Un amor indestructible. Una revelación que lo cambiará todo. Descúbrela en #amazon Tú marcas la diferencia. #pepafraile #suspenseromantico #queleer #librosqueenamoran ➡️https://t.co/OGphO43TiA https://t.co/ybZFSb97Ru,1.3112822950689137e+18
46,2020-09-30 12:30:36,CEPToronto,"Check-out Amazon's latest initiative aimed at helping customers shop for sustainable products easier. What are your thoughts? 
#sustainability #amazon 
https://t.co/A6IwFwYrQH https://t.co/piurnNNduh",1.3112822964278845e+18
47,2020-09-30 12:30:18,FutureHeptagon,"Palm-tech is coming. Amazon One is an example of how contactless is being taken to a whole new level. Think of it as part of the man-machine merger. Read Blog post #87 for more on this recent innovation and implications.
https://t.co/fmPBleDuU1
#innovation #tech #Amazon https://t.co/5Ffpvc642v",1.3112822186360545e+18
48,2020-09-30 12:30:32,yuki_nagase,"【犬用トイレ】ベスト10
リッチェル お掃除簡単ステップトレー レギュラー(メッシュ付) ライトピンク
https://t.co/EskKMf42Ax #Amazon",1.3112822787780362e+18
49,2020-09-30 12:30:15,EliaGuardiola,"Siempre es un buen momento para regalar(te) #emociones 😍
Mi #LibroHogarEs está lleno de ellas. Un #libro de #crecimientopersonal y #poesia sin teoría aplicada.

⭐Cómpralo en #Amazon https://t.co/1wGkikjBpw o en https://t.co/cJ3GkvP1KD

#desarrollopersonal #inteligenciaemocional https://t.co/WZO5ssEHJI",1.311282206451667e+18
,date,screen_name,tweet,tweet_id
0,2020-09-30 12:25:35,_FinancialFox,"NOW STREAMING: ""Potential #investors should remember #DeFi is in early stages so caution is needed. Saying that, we can draw comparisions with 90's #tech boom; some #DeFi projects could turn out to be next #Amazon or #Microsoft"" @advfn CEO @ClemChambers https://t.co/cl37Vl3B3O https://t.co/6DfcmOh5fp",1.3112810324658012e+18
1,2020-09-30 12:26:18,DhrubRaaj,"Quick Heal Total Security Latest Version - 2 PCs, 3 Years (DVD) https://t.co/CPTJC3yedo Shop for Computer Software at the #Amazon.in https://t.co/RwNZS19tJk",1.3112812138066493e+18
2,2020-09-30 12:23:53,holiday_houryuj,"さあ、9月度の

ホリデー車検
Twitterキャンペーン！

あと3時間で締切ですよ！

でも、まだ10月もあるからご安心を！

9月度の締切
ギリギリに言って

ごめん

ごめん

ご麺

#Amazon ギフト券3000円分 #プレゼント #キャンペーン
当アカを #フォロー ＆ #RT で応募完了！

#ごめん https://t.co/c7DswrYGE3",1.3112806077841777e+18
3,2020-09-30 12:26:16,DhrubRaaj,"Microsoft 365 Personal | 12-Month Subscription, for 1 Person (Activation Key Card) https://t.co/yoWaYGIb7K Shop for Computer Software at the #Amazon.in https://t.co/RwNZS19tJk",1.3112812076536586e+18
4,2020-09-30 12:26:33,rakten_kaden_,"09/30 21:26

オムロン OMRON 公式 音波式電動歯ブラシ H
【楽天】4980円
【Amazon】11700円

★楽天で購入すると★
 6720円 お得（お得率135％）

↓お得な情報を一覧で確認出来るサイト
https://t.co/kMQYxgL6Rh

#楽天市場 #Amazon #お得 #せどり https://t.co/ku1a68YMY4",1.3112812775977e+18
5,2020-09-30 12:24:57,XperienceDope,"Blasting Black Panther OST - Legend Has It By Run The Jewels right now on Pretty Dope Xperience Radio aka #BlackPandora

listen now and catch a wave!! https://t.co/VqKFopeoex  #nowplaying #np #RT  #NowStreaming #Streema Download Now #Alexa #GooglePlay #iOSAppStore #Amazon #",1.3112808725581537e+18
6,2020-09-30 12:29:31,_mis_ter_e_,"Make #Superman LEGO portraits !!

#HenryCavill #christopherreeve #batman #benaffleck #dcfandome #JusticeLeague #JusticeLeagueSnyderCut #JusticeLeagueTheSnyderCut #amazon #kindle #kindlebooks #kindleunlimited #dccomics
https://t.co/wzwkCq8iGR",1.3112820248298537e+18
7,2020-09-30 12:23:50,sbajpai2806,#Amazon India Creates Over 1 Lakh Jobs In Operations Ahead Of Festive Season https://t.co/8cPjzPxIcm via @swarajyamag #TransformingIndia,1.311280594312024e+18
8,2020-09-30 12:23:24,hispachollos,"🌀 COOAU Compresor Aire Coche Portátil, 150PSI 12v Protección contra Sobrecalentamiento y LED Luz de Emergencia, Fusibles Extra 4 Adaptadores para inflar Neumáticos de Coche Moto y Bicicleta, Negro. #Amazon 🇪🇸

🕘 PRECIO FLASH: 24,64€
 ...
https://t.co/zSOdFxD9VL
#chollo",1.3112804836370473e+18
9,2020-09-30 12:23:45,deana_dietrich,Check Out Your Chance To WIN a $50 #AMAZON #GIFTCARD! #FREEBOOKS #KINDLEUNLIMITED https://t.co/2E2QGsZfho,1.3112805722795418e+18
10,2020-09-30 12:25:00,Tarrako1162,"🔥CHOLLO! #Amazon | Coche y moto

📢Bridgestone Potenza RE 050 A - 245/45R18 96W - #Neumático de Verano 

Más #Ofertas visitando la Store de Bridgestone https://t.co/u9JHZADkgA

   ❌ Antes: 151,99€
   🔥 PRECIO OFERTA: 113,78€🔥 -25%
   🔰 Enlace: https://t.co/wo6S0oB36l https://t.co/yvwQ4Xnagu",1.3112808858245407e+18
11,2020-09-30 12:28:32,mieszko200,"Last Chance! Would you like to win a $50 Amazon Gift Card or PayPal Deposit? Check out this easy entry Gleam giveaway for a chance to #WIN

Open Worldwide

@GooseGiveaways #wingiftcard #wincash #amazon #paypal #winmoney #sweepstakes #giveaways https://t.co/UDYrlyUudS",1.311281777990865e+18
12,2020-09-30 12:26:58,Charlie_Cawood,"Tom Walker - Wait for You #bigtimeradio https://t.co/N76xPoatRr @Charlie_Cawood @BigTimeRadio1 @bigtime_news
 on #Amazon Echo &amp; App https://t.co/c7cZfm4MQo  #Top40 #Music 247 #Worldwide 3 #Radio #Stations 43 #Countries #Interviews #Billboard https://t.co/JiPHr6jZyC  #SUBMI",1.3112813808741622e+18
13,2020-09-30 12:23:26,bethannmiller9,#hildiemcqueen #NewRelease   #historicalromancenovel #historicalromancereaders #historicalromanceauthors #historicalromancebooks #kindle #KindleUnlimited #Amazon #ebookhistoricalromance https://t.co/LFCQx42C0k https://t.co/GZKe5wwivP,1.311280493535654e+18
14,2020-09-30 12:27:10,pp_brothers_,"とりあえずこれは読まなければならなそう。
「家族計画」への道―近代日本の生殖をめぐる政治 https://t.co/Sg1aJcsF0Z #Amazon",1.3112814309288714e+18
15,2020-09-30 12:24:57,AntonioLinkinYT,"⚠️ Oferta Flash ⚠️
Alex Perry Pendientes:
https://t.co/MdjnkX40vz
✅ Plata de Ley 925.
✅ Zirconia Cúbica 5A.
✅ 12,84 (51% de descuento).
#Amazon #amazonprime #AmazonPrimeDay #ofertaflash #ad #alexperry #joyas #pendientes #mujer #joyas #moda",1.3112808728139776e+18
16,2020-09-30 12:23:53,best_deals_US,"Check this out!
Dentek Kids Fun Flossers, 75 Floss Picks

Offer price: $2.32 ($0.03 / Count) (42% OFF!)
Retail: $3.99 ($0.05 / Count)

https://t.co/55lpbosv9i

#Amazon #deals #RT https://t.co/NZ40i2p3RI",1.311280605124993e+18
17,2020-09-30 12:23:29,holiday_sakurag,"さあ、9月度の

ホリデー車検
Twitterキャンペーン！

あと3時間で締切ですよ！

でも、まだ10月もあるからご安心を！

9月度の締切
ギリギリに言って

ごめん

ごめん

ご麺

#Amazon ギフト券3000円分 #プレゼント #キャンペーン
当アカを #フォロー ＆ #RT で応募完了！

#ごめん https://t.co/vrwijCr6aL",1.311280506034557e+18
18,2020-09-30 12:26:53,freemoneyzone,"Check out this Amazon Today's deal: AuraGlow Teeth Whitening Kit, LED Light, 35% Carbamide Peroxide, (2) 5ml Gel Syringes, Tray and Case by AURAGLOW https://t.co/Mkkd8lRRHc via @amazon #amazon #AmazonDeals",1.311281359810261e+18
19,2020-09-30 12:28:55,HostNowNowNg,#google #newweek #business #entrepreneur #entrepreneurship #programmers #developers #creative #creator #tech #technology #apple #amazon #leadership #excellence #innovation #nobility #teamwork,1.3112818709996093e+18
20,2020-09-30 12:23:14,dragonbladepub,#hildiemcqueen #NewRelease   #historicalromancenovel #historicalromancereaders #historicalromanceauthors #historicalromancebooks #kindle #KindleUnlimited #Amazon #ebookhistoricalromance https://t.co/zOVvAXXA7U https://t.co/xi7W7PsAYs,1.3112804437073183e+18
21,2020-09-30 12:24:41,shaken_holiday,"さあ、9月度の

ホリデー車検
Twitterキャンペーン！

あと3時間で締切ですよ！

でも、まだ10月もあるからご安心を！

9月度の締切
ギリギリに言って

ごめん

ごめん

ご麺

#Amazon ギフト券3000円分 #プレゼント #キャンペーン
直営店アカを #フォロー ＆ #RT で応募完了！

#ごめん https://t.co/OyHiYaHKb7",1.3112808053568225e+18
22,2020-09-30 12:29:39,kakicchysmusic6,https://t.co/MaMFRamliO: Wake: kakicchysmusic: MP3 Downloads https://t.co/oQHqhpFBne #Amazon #Prime,1.3112820586400276e+18
23,2020-09-30 12:28:10,pczJrN0Sfd9Fble,"10月14日まで。

4か月99円で音楽聞き放題きてます！

これは4か月使い倒したいですね！

#Amazon #AmazonMusic 

Amazon Music Unlimited 
https://t.co/f9wxV8h4GR",1.3112816818237071e+18
24,2020-09-30 12:26:21,Kidkrump_kk,"デュオゲリラ #荒野行動

🥇 賞金 1500×２

⏰24時30分 24:30
🗓9/30 (水曜)

確定枠 + 大会配信あり

#デュオ #ゲリラ #賞金ルーム
#デュオゲリラ #シングル #大会
#iTunes #Amazon #Google #配信
#9月30日 #24時半 #確定枠 #荒野 https://t.co/zfWRTdoJ6J",1.3112812270605066e+18
25,2020-09-03 18:26:48,LenovoLegion,"Lenovo Legion x @PlayApex
Now is your chance to rise above the rest. 
Unmatched performance, purposeful engineering, modern design.
Gear up with a machine as savage as you are.
Stylish outside.
Savage inside.",1.301587465258578e+18
26,2020-09-30 12:23:04,mpawhm,"これ最高ですよ。
焼き鳥50本分　バーベキューなんかにこれ買って、ビールがあれば言うことなしですね🎉🎉🎉🎉

#楽天room #楽天 #メルカリ
#古着せどり #せどり #副業 #ポイ活
#amazon #90's古着 
#DARUMAroom   https://t.co/qJBFW0RGIm",1.3112804019318907e+18
27,2020-09-30 12:23:38,creativemm12,"&lt;Current Weather&gt;
New York
Temperature: 60.58°F/ Status: clouds
👉https://t.co/OcFfjerh9b #amazon👈
💯👉Auto Follower👈💯
💯👉#自動相互フォロー👈💯

#1000ADay
#Yankees
#MLB
#Roe #v. #Wade
#固定ツイートRT
#RT企画
#TFW
#TeamFollowback
#followtrick
#autofollower",1.3112805440600637e+18
28,2020-09-30 12:22:41,DataAugmented,Save $10 on the Luxurious Xbox Elite Series 2 Controller in Rare Discount https://t.co/5xjHL2mPnA #kinjadeals #xboxone #amazon #deals,1.3112803037012828e+18
29,2020-09-30 12:27:06,DealsFlashing,"Check out this Amazon Today's deal: AuraGlow Teeth Whitening Kit, LED Light, 35% Carbamide Peroxide, (2) 5ml Gel Syringes, Tray and Case by AURAGLOW https://t.co/jV2pbi7p1x via @amazon #amazon #AmazonDeals",1.3112814167982326e+18
30,2020-09-30 12:24:46,RetailTechGuide,"14,000 “serious injuries” reported at #Amazon fulfilment centres last year marking 33% rise https://t.co/CoCpSrDa2j",1.3112808261984297e+18
31,2020-09-30 12:28:05,lauranaka,"Con crisi #COVID19 crediti deteriorati banche destinati ad aumentare. Idea Bce: un marketplace stile #Amazon per NPL, per evitare che vengano svenduti a prezzi stracciati ai grandi fondi Usa. L'ispirazione è un sito italiano https://t.co/hQsl5YB8CM #30settembre #coronavirus https://t.co/5Kgp6eJK6y",1.3112816610704097e+18
32,2020-09-30 12:26:17,DhrubRaaj,"BYJU'S Class 11+12 (PCM) JEE Preparation - 7"" Tablet (Tablet) https://t.co/llgSwvlYkD Shop for Computer Software at the #Amazon.in https://t.co/RwNZS19tJk",1.3112812106315653e+18
33,2020-09-30 12:27:45,TheHarshithSK,"When @amazonIN makes perfect mistake in comparison category Between top brands

#bugs #Amazon #mistake #compare 

//Cc @OnePlus_IN @LGIndia @SamsungIndia https://t.co/BziUb7GI1q",1.3112815777043046e+18
34,2020-09-30 12:24:08,holiday_kobenag,"さあ、9月度の

ホリデー車検
Twitterキャンペーン！

あと3時間で締切ですよ！

でも、まだ10月もあるからご安心を！

9月度の締切
ギリギリに言って

ごめん

ごめん

ご麺

#Amazon ギフト券3000円分 #プレゼント #キャンペーン
当アカを #フォロー ＆ #RT で応募完了！

#ごめん https://t.co/fHp7xT6jZ1",1.311280669142651e+18
35,2020-09-30 12:26:14,FitnessFairy1,"Check out this Amazon Today's deal: AuraGlow Teeth Whitening Kit, LED Light, 35% Carbamide Peroxide, (2) 5ml Gel Syringes, Tray and Case by AURAGLOW https://t.co/WW9ygj6Xv5 via @amazon #amazon #AmazonDeals",1.311281197712986e+18
36,2020-09-30 12:23:09,holiday_onahama,"さあ、9月度の

ホリデー車検
Twitterキャンペーン！

あと3時間で締切ですよ！

でも、まだ10月もあるからご安心を！

9月度の締切
ギリギリに言って

ごめん

ごめん

ご麺

#Amazon ギフト券3000円分 #プレゼント #キャンペーン
当アカを #フォロー ＆ #RT で応募完了！

#ごめん https://t.co/qns3XtXqYY",1.3112804203322982e+18
37,2020-09-30 12:24:35,JyotiOj58087606,#amazon quiz. I played this interesting Quiz on Amazon-Play games at Amazon FunZone  https://t.co/gt7B4jVhwx,1.3112807803755192e+18
38,2020-09-30 12:28:10,chollodescuento,"New post in CHOLLOS y DESCUENTOS: ⁣FLASH Pack 2 Gamepad Bluetooth, Izquierdo y Derecho, para Nintendo Switch, por 29,88€ #Amazon

Enlace: https://t.co/nYkLKE3bH2
Código: No necesita

Visto: https://t.co/tssN0NBD8Q https://t.co/lbGdyARNjF",1.3112816849779794e+18
39,2020-09-30 12:27:31,Varihanshop,"💥خصم 80٪💥😍🎊
جرب هاتف محمول مزود بلوحة مفاتيح -2020 جرب لوحة مفاتيح بلوتوث لاسلكي محمول جديد لحماية الهاتف المحمول
السعر الاساسي: 74.99💲
بعد الخصم: 14.99💲😍🎉🎊

كوبون الخصم 80YL9VWE
👇🏻👇🏻👇🏻                  
https://t.co/hzzAs6fe9F

#عروض_كوبونات_خصم_على_متجر_امازون 
#amazon https://t.co/VJrdDAZaBS",1.3112815187493274e+18
40,2020-09-30 12:25:14,ilovesavingsca,GOTRAX Hoverboard with 6.5 inch Wheels https://t.co/ONPoNFD7vV #amazon,1.311280944704258e+18
41,2020-09-30 12:25:50,tildieandchewie,"Hey! I wrote and drew a book! Available now on #kindle for just $2.99! Also available for #kindleunlimited . The paperback version will be out soon. 

https://t.co/laESXwUA5g.

#kindlebooks #kidsbooks #childrensbooks #amazon #fatherdaughter #chicago #selfpublishing #diy #children https://t.co/6SfcjRSpEV",1.311281097309909e+18
42,2020-09-30 12:29:48,ipublish1,#NewRelease #Book #Amazon #BeInvincible #Preorder #ReleasingSoon #UpcomingRelease #ReleasingSoon #NewBook #TwoAngels #AJourneyWithTwoAngels #Angels #fiction #loveStory #Love https://t.co/mywzntwNz5,1.3112820963971932e+18
43,2020-09-30 12:27:49,ThatChori,"Well, I have been hooked to @schittscreek since, I saw their Emmy  Award clip on @thetalkingbee 's story

What have you been watching? 

#thatchori #explorewiththatchori #sitcom #schittscreek #friends #gameofthrones #howimetyourmother #trending #netflix #amazon #tvseries # https://t.co/syOgqmsQY0",1.311281594431275e+18
44,2020-09-30 12:25:55,AmazonCoin_io,"AmazonCoin ⬇
$AMA ➡ $0,0177

👉👉 https://t.co/GydSZXKIno 🌿

#amazoncoin #amazon #nature #decentralized #green #cryptocurrencies #cryptocurrency #crypto #defi #dex #cryptonews #ethereum #ether #eth #blockchain #coin #token #ico #tokensale #startup #bitcoin  #btc $BTC $ETH https://t.co/vLzbiX6AJx",1.3112811185624433e+18
45,2020-09-30 12:23:25,SocialXpertUK,Amazon wants a copy of your 'palm signature.' You should pass. : https://t.co/75WNWo1feE #Amazon #PalmSignature #security #WednesdayWisdom https://t.co/ATjsEZ2rQr,1.3112804875795702e+18
46,2020-09-30 12:23:11,AntonioLinkinYT,"⚠️ Oferta Flash ⚠️
Nuevo Reloj Inteligente IP68 con Correa Reemplazable:
https://t.co/uQEyQlUi8a
✅ 1,3"" Pantalla Tactil.
✅ Presión arterial y monitor de sueño.
✅ 35,99 (64% de descuento).
#Amazon #amazonprime #AmazonPrimeDay #ofertaflash #ad #relojinteligente",1.3112804306209997e+18
47,2020-09-30 12:26:16,DhrubRaaj,AVG Ultimate (Unlimited Devices | 1 Year) + AVG Antivirus for Android - Pro (1 Device | 1 Year) https://t.co/OS1zsolUki Shop for Computer Software at the #Amazon.in https://t.co/RwNZS19tJk,1.311281204256297e+18
48,2020-09-30 12:28:28,XperienceDope,"Blasting Public Enemy - Don't Believe The Hype right now on Pretty Dope Xperience Radio aka #BlackPandora

listen now and catch a wave!! https://t.co/VqKFopeoex  #nowplaying #np #RT  #NowStreaming #Streema Download Now #Alexa #GooglePlay #iOSAppStore #Amazon #",1.3112817574933627e+18
49,2020-09-30 12:27:09,SolTaylorRdL,"La nueva vida de Jimena precisa de que la joven protagonista pueda dejar atrás una serie de desastrosos acontecimientos que la colocan al borde del abismo.

Enlace: https://t.co/9hydnKdbRN

#romance #kindle #KindleUnlimited #romantica #erotica #amor #eBooks #Amazon #leer #romance https://t.co/LEoEQQK7rU",1.3112814294819512e+18
,date,screen_name,tweet,tweet_id
0,2020-09-30 12:18:08,JazzCollective,"【3rdアルバム】""COLLAGE""をAmazonで購入する ☞ https://t.co/AU1US2Qlqo #Amazon #music #jazz #collective #Crossover #ClubMusic #DJ #dance #techno #house",1.311279160824746e+18
1,2020-09-30 12:17:56,morahaza,これなんやねんwwwwwwww https://t.co/w3BvtTEIbO #Amazon,1.3112791098891264e+18
2,2020-09-30 12:20:47,ThatGuyReviews,"Ring 2 vs. Ring 3 Video Doorbell
https://t.co/63FuUJaHQu……………………………………………
#ringdoorbell #tvmounting #ring #smarthome #cctv #security #securitycamera #smarthometechnology #homesecurity #alarmsystem #smartplug #tech #hometech #ringdoorbellpro #amazon #surveillance",1.3112798249929523e+18
3,2020-09-30 12:18:37,Designcreateall,茶室というものはほっと一息つける場所でなければならないし、それだけにそこには無限のものがあっていいはずねんですね。ですから、そこには風景もあるし、主と客もあるし、それから何よりも大事なのは、自然と対話ができるということです。（千宗室） #amazon #design #brand,1.3112792788650394e+18
4,2020-09-30 12:17:23,bethannmiller9,#kimknight #historicalromance #books #lovers #historicalfiction #historicalhottie #historical #romance #modernlove #love #preorder #comingsoon #KindleUnlimited #kindle #booksofinstragram #amazon: https://t.co/xqbP5eKGaS https://t.co/1x8GfAia6i,1.311278969166213e+18
5,2020-09-30 12:17:16,PrintPackGo,"While buying the customers attention span is less than 7s , ensure you have boxes and pouches that go into the cart
https://t.co/TYE6wZPcTD

#aonepack #pouches #boxes #rigidboxes #corrugated #monocartons #brownboxes #bangalore #packaging #design #chocolateboxes #amazon #flipkart",1.3112789408504463e+18
6,2020-09-30 12:16:23,blogosum,"#Amazon for travellers: Full metal body, super fast charging and all the features of Android 9.0 Pie - Nokia 6.1

 https://t.co/cKHz9EoCTf

 #amazondeals #deals #gadgets #travel #giftguide #gift #giftidea #smartphone #phone #android #tech #smartphones #nokia https://t.co/3a26w7iWZT",1.3112787188795023e+18
7,2020-09-30 12:19:01,BEST300BOT,ワーグナー／楽劇《トリスタンとイゾルデ》　【第３位】⇒https://t.co/88AlQdNHYH #amazon #bot 【第２位】フルトヴェングラー指揮フィルハーモニアo〈52〉⇒https://t.co/7pL5jgseOR,1.3112793791466168e+18
8,2020-09-30 12:20:26,edukayshun_in,"New Datadog integration with Azure
.
.
Here is the link: https://t.co/9U5kWwt6sK

#edukayshun #aws #google #cloudcomputing #datacenter #cloudcomputing #datacenter #awscloud #amazon #azurenews #microsoft #news #updates #microsoftazure #azureupdates",1.3112797375332024e+18
9,2020-09-30 12:16:18,kazukichi_0914,TSUTAYAに行くくらいなら、Amazonプライムに入ろうという話 https://t.co/3vF5Bsn9yW #東京大学 #慶応大学 #早稲田大学 #Amazon,1.3112786975722332e+18
10,2020-09-30 12:17:45,MenudoPaquete,"🌟 [𝗠𝗲𝗻𝘂𝗱𝗼 𝗣𝗮𝗾𝘂𝗲𝘁𝗲] 🌟

🔊 Huawei Mediapad T3 10 Tablet Wi-Fi, CPU Quad-Core A53, 32 GB, 2 GB de RAM, pantalla de 10 pulga #amazon

🌍 Enlace: https://t.co/Yz8tNPqRWr

Te esperamos en telegram: https://t.co/IbEojfZpa4 https://t.co/mX89PRVVQF",1.3112790604216115e+18
11,2020-09-30 12:20:44,ChrissyGuenther,"I just listed: 'Skinny Personalized Stacking Rings, Handmade Personalized Stacking Rings with...', for 26 via @amazon https://t.co/jaESeGXL1T 

#jewelry #handmade #Amazon #giftideas",1.3112798112440238e+18
12,2020-09-30 12:15:59,chollosyoferta,"#Chollo #Amazon 67% DESCUENTO Netgear GS348 Switch 48 Puertos, Switch Gigabit Unmanaged, Switch ethernet de sobremesa o Bastidor, Caja de Metal sin Ventilador

Precio oferta: 249,22
Reacondicionado: 81,2

    👇👇👇👇👇👇👇
👉 https://t.co/dA6tKea11k https://t.co/0naEbNepSk",1.3112786157540925e+18
13,2020-09-30 12:18:56,DigitalBankLA,#Amazon lanza tecnología de #pago con la palma de la mano 👉 https://t.co/fM6VdWSzjQ #MediosDePago https://t.co/AmHAR52wzp,1.3112793586492088e+18
14,2020-09-30 12:19:30,gitaro9,"https://t.co/yVzDU1DKSa
#ibiza #electro #techno #club #テクノ #art #popart #芸術 #絵 #soundcloud #music #beatport #itunes   #絵画 #アート #写真 #photo #spotify #東京 #大阪 #福岡 #amazon  #Apple Music   #Google Play Music #RecMusic #AWA 
#LINE MUSIC #Amazon",1.31127950065562e+18
15,2020-09-30 12:20:26,XperienceDope,"Blasting KRS-One - Step Into A World (Rapture's Delight) right now on Pretty Dope Xperience Radio aka #BlackPandora

listen now and catch a wave!! https://t.co/VqKFopeoex  #nowplaying #np #RT  #NowStreaming #Streema Download Now #Alexa #GooglePlay #iOSAppStore #Amazon #",1.311279737524949e+18
16,2020-09-30 12:22:08,azumii_aa,"落合さんの世界観が好き。幼い頃、海外へ連れてってもらったり美術館に行ったり、そういう経験が今の糧になってると思う

#０才から１００才まで学び続けなくてはならない時代を生きる学ぶ人と育てる人のための教科書
#落合陽一
#リカレント教育
#読書
#マインド研究

https://t.co/BdNH5hmnUY #Amazon",1.311280165016621e+18
17,2020-09-30 12:15:44,HMG_charlie,"【Soukore】クリスタルストーン付フックピアス【ハンドメイドガーデンズ】

#AMAZON 通販はじめました！



https://t.co/1w46RgsTup



#ハンドメイド通販 #ハンドメイド好きさんと繋がりたい #soukore",1.3112785548778496e+18
18,2020-09-30 12:17:44,reinadellowcost,"🌟 [𝗟𝗮 𝗿𝗲𝗶𝗻𝗮 𝗱𝗲𝗹 𝗟𝗼𝘄𝗰𝗼𝘀𝘁] 🌟

🔊 Huawei Mediapad T3 10 Tablet Wi-Fi, CPU Quad-Core A53, 32 GB, 2 GB de RAM, pantalla de 10 pulga #amazon

🌍 Enlace: https://t.co/ve2C1Mjz4C

Te esperamos en telegram: https://t.co/Jxndx9pJCJ https://t.co/LVlqdm1ZHj",1.3112790565251768e+18
19,2020-09-30 12:17:43,OnlyGearBest,"🌟 [𝗢𝗻𝗹𝘆 𝗚𝗲𝗮𝗿𝗯𝗲𝘀𝘁] 🌟

🔊 Huawei Mediapad T3 10 Tablet Wi-Fi, CPU Quad-Core A53, 32 GB, 2 GB de RAM, pantalla de 10 pulga #amazon

🌍 Enlace: https://t.co/DcsN05B9OW

Te esperamos en telegram: https://t.co/mPaN5u2fFj https://t.co/AlMgu6MMH9",1.311279052783784e+18
20,2020-09-30 12:16:11,XperienceDope,"Blasting Bob Marley &amp; The Wailers - Exodus right now on Pretty Dope Xperience Radio aka #BlackPandora

listen now and catch a wave!! https://t.co/VqKFopeoex  #nowplaying #np #RT  #NowStreaming #Streema Download Now #Alexa #GooglePlay #iOSAppStore #Amazon #",1.3112786687407882e+18
21,2020-09-30 12:18:33,bethannmiller9,#kddubois #paranormal #preorder #Paranormalauthors #threelittlepigs #kindleunlimited #kindle #paranormalromance #booksofinstragram #comingsoon #booklovers #books #mustreads #amazon: https://t.co/nv4eiGCZxj https://t.co/VJ85JXtgir,1.3112792656824689e+18
22,2020-09-30 12:16:55,Rohit_c7,"Hello @amazonIN Now, I tried to pay for an order thru UPI and the amount has been deducted from my account however, your website says there's a problem in the payment processing and shit! Kindly refund the entire amount so, I can complete my order. #Amazon #ScamAlert #fraud https://t.co/yu8ukzFbo7",1.311278853025747e+18
23,2020-09-30 12:17:04,SolTaylorRdL,"🔥 TEMBLANDO 🔥

Cuando un amor es verdadero, ni todo el tiempo del mundo puede apagar la llama que existió.

Enlace► https://t.co/ImHDleI0uF

#IARTG #romance #kindle #KindleUnlimited #romantica #erotica #amor #BestSeller #eBooks #writingcommunity #Amazon #erotica #leer https://t.co/T2xwCNc93K",1.3112788920119706e+18
24,2020-09-30 12:18:48,Info_forever01,Dr.Scholl(ドクターショール) の メディキュット ボディシェイプ 寝ながらスパッツ 骨盤サポート付き Mサイズ https://t.co/BAn4SjRVZi メディキュット愛用者♪ #amazon #beauty #beautiful #happy #life #cosme #bodycare #skincare #everyday #love,1.3112793248473784e+18
25,2020-09-30 12:21:28,chabosuke_net,"第一世代から買い換えたこの第三世代。第一世代使ってる人いたら買い換えたほうがいいです。驚くほど快適！！
#Amazon #firetvstick #PrimeVideo #プライムビデオ #ファイヤースティック
https://t.co/TxKIj67waO",1.3112799968376177e+18
26,2020-09-30 12:19:35,COZDENE,"@castillo_fierro #Mundanae del escritor Juvenil, Sebastian Fierro
@cadexperto
una novela para reflexionar acerca de las múltiples posibilidades de relación con lo que nos rodea en otros mundos, con personajes increíbles que no vas a dejar de amar
#Amazon https://t.co/I99kAw6m9v",1.3112795243368735e+18
27,2020-09-30 12:16:47,bethannmiller9,#michelleldelagarza #paranormal #preorder #paranormalromance #comingsoon #booklovers #books #scifi #booksofinstragram #mustreads #amazon #kindleunlimited #kindle https://t.co/DdWG3WYAS0 https://t.co/Z4OvGc7GrF,1.3112788180495688e+18
28,2020-09-30 12:20:47,chollodescuento,"New post in CHOLLOS y DESCUENTOS: ⁣OFERTÓN Irrigador Dental con 8 Boquillas Multifuncionales, Capacidad de 600ml, 10 Ajustes de Presión del agua por 24,47€ #Amazon

Enlace: https://t.co/kCjAh4Ym8l
Código: No necesita

Visto: https://t.co/tssN0NBD8Q https://t.co/oPjY0CVOQt",1.311279825546629e+18
29,2020-09-30 12:18:59,Rohit_c7,"Hello @amazonIN Now, I tried to pay for an order thru UPI and the amount has been deducted from my account however, your website says there's a problem in the payment processing and shit! Kindly refund the entire amount so, I can complete my order. #Amazon #ScamAlert #fraud https://t.co/gwBuEiH4k4",1.3112793742309868e+18
30,2020-09-30 12:21:33,rakten_kaden_,"09/30 21:21

象印 IH炊飯器 炊飯器 炊飯ジャー 極め炊き 3
【楽天】13800円
【Amazon】13980円

★楽天で購入すると★
 180円 お得（お得率1％）

↓お得な情報を一覧で確認出来るサイト
https://t.co/kMQYxgL6Rh

#楽天市場 #Amazon #お得 #せどり https://t.co/qFMOCd83sS",1.311280017452626e+18
31,2020-09-30 12:15:33,app_xndr,"GTA IV Cheats app for #kindle #Fire and #FireHD https://t.co/cOuOdThNxK #Amazon September 30, 2020 at 01:15PM",1.3112785068532326e+18
32,2020-09-30 12:21:22,bmurphypointman,"#businesstips #tips #business #freelancer #amazon Check my website for my top affiliate programs, referral links, cashback sites, shopping sites and travel sites https://t.co/vBHLD11zwQ",1.3112799707743805e+18
33,2020-09-30 12:18:13,AntonioLinkinYT,"⚠️ Oferta Flash ⚠️
Bascula de Baño Digital Grasa Corporal:
https://t.co/Ntls67DVMW
✅ Electrónica.
✅ 13 mediciones.
✅ IMC
✅ 24,49€. (49% de descuento).
#amazon #ad #ofertaflash #AmazonPrimeDay #amazonprime #bascula",1.3112791809785528e+18
34,2020-09-30 12:16:03,creativemm12,"#INTEX(インテックス) の INTEX(インテックス) レクタングラーベビープール 166cm×100cm×28cm 57403 [日本正規品]
https://t.co/Y0MfKFyfOt
#固定ツイートRT
#sale
#amazon
#MLB
#Life #BBC #drama
#CNN",1.3112786359034102e+18
35,2020-09-30 12:15:53,AntonioLinkinYT,"⚠️ Oferta Flash ⚠️
Timbre Inalámbrico sin Pilas, OMERIL
https://t.co/i6SlR9mXlH
✅ 150M de alcance.
✅ 0db-110db.
✅ 52 melodias.
✅ 11,20€. (47% de descuento).
#amazon #ofertaflash #ad #timbre",1.3112785912636088e+18
36,2020-09-30 12:16:45,IntuneSystems,Join me in asking @FP_Champagne not to reward the destruction of the #Amazon! 🔥🔥 Immediately halt the Canada-Mercosur free trade deal &gt;&gt; #ActForAmazon #ClimateAction @GreenpeaceCA https://t.co/ZyNfCErEPP,1.3112788101265818e+18
37,2020-09-30 12:17:42,hayleylbar,#Amazon Shocking Business Service. Account deactivated 17 days ago and I’ve been fobbed off by every Amazon rep since. Cannot get a straight answer or help!!! Is this how you treat loyal business customers?????,1.311279051726893e+18
38,2020-09-30 12:19:59,PnvQACJNM5ntNnZ,"大切な女友達とかに観て欲しい映画だな。

オール・アバウト・マイ・マザー [DVD] https://t.co/eJTyEIgKis #Amazon",1.3112796247482941e+18
39,2020-09-30 12:19:57,bethannmiller9,#faithjustice #romance #NewRelease #bookslovers #availablenow #books #books #booksofinstragram #mustreads #amazon #romancelovers #kindleunlimited #kindle https://t.co/LqO76B0Hzz https://t.co/4SjWXCmMCN,1.3112796171819663e+18
40,2020-09-30 12:17:26,Libreinfo,": #Amazon rolling out contactless device, #Amazon One, at Seattle Go stores https://t.co/YTe2Gpvx47 https://t.co/xOvs3fuA2W",1.3112789814134456e+18
41,2020-09-30 12:16:00,bethannmiller9,#Aprilaluna #paranormal #comingsoon #paranormalromance #preorder #booklovers #books #twisted #booksofinstragram #mustreads #amazon #kindleunlimited #kindle https://t.co/ZyAkE1dxz6 https://t.co/66FrlQzl5Z,1.3112786221000294e+18
42,2020-09-30 12:20:51,AntonioLinkinYT,"⚠️ Oferta Flash ⚠️
Auriculares Bluetooth 5.0
https://t.co/1u1idmhmoe
✅ TWS Ear.
✅ Resistente al agua.
✅ Caja de Carga.
#Amazon #amazonprime #AmazonPrimeDay #ofertaflash #ad",1.3112798405244805e+18
43,2020-09-30 12:16:32,rakten_kaden_,"09/30 21:16

フジ医療器 MRL-M1-UG(アーバングレー) 
【楽天】14298円
【Amazon】16234円

★楽天で購入すると★
 1936円 お得（お得率14％）

↓お得な情報を一覧で確認出来るサイト
https://t.co/kMQYxgL6Rh

#楽天市場 #Amazon #お得 #せどり https://t.co/75bhKeNJOe",1.3112787574039798e+18
44,2020-09-30 12:20:11,OfertacularRL,"‼️IDEAL VIAJES‼️ 👁‍🗨 #cholloshot #Amazon #chollo #oferta #ganga

⚫️ Taza termo de 500 ml con panel LCD

🛒: ➡️ https://t.co/67qqI7ea62 ⬅️

🟢 https://t.co/SdTO2UbebI https://t.co/hjLzyhgcyI",1.311279674140418e+18
45,2020-09-30 12:19:43,lionellaske,Amazon propose - notamment pour ses magasins - une authentification via la paume de la main #securite #amazon https://t.co/HmPEIgQfs7 (@gnt_fr),1.311279555768922e+18
46,2020-09-30 12:22:36,FulguroPop,"#MarvelLegends review de l'exclu #Hasbro pour #Amazon

https://t.co/ouQeyx1mE8",1.3112802834765292e+18
47,2020-09-30 12:16:36,chicachick_2,"¡ÚLTIMO DÍA!
LA PIEDRA DEL DESTINO de @roberheavy
Saga: El guardián de las flores. Volumen II
📱https://t.co/iJXR7jUTHs
#KindleFlash, compra ahora por solo 1.50€
Top 13, 38 y 50 por género
Sumérgete en una historia que te llevará al siglo XVIII
#queleer 
#Amazon https://t.co/9EorCqZ884",1.3112787726965146e+18
48,2020-09-30 12:18:16,ecauthor,"It's here!!! It's finally here!!! You can now order A Violent Hope in print!

https://t.co/6AU89iLIjK

#indieauthors #BookRecommendation #amazon #writingcommunity #readingcommunity",1.31127919043661e+18
49,2020-09-30 12:18:35,Rahul4c8,"Participate in the quiz in Amazon App exclusive to win a OnePlus 8T 5G...
#AmazonQuiz #OnePlus8T5G  #OnePlus8T5GAmazonQuiz #Amazon https://t.co/9rOeoBoBVp",1.3112792735425167e+18
,date,screen_name,tweet,tweet_id
0,2020-09-30 12:11:08,Charlie_Cawood,"Katy Perry - Daisies #bigtimeradio https://t.co/N76xPoatRr @Charlie_Cawood @BigTimeRadio1 @bigtime_news
 on #Amazon Echo &amp; App https://t.co/c7cZfm4MQo  #Top40 #Music 247 #Worldwide 3 #Radio #Stations 43 #Countries #Interviews #Billboard https://t.co/JiPHr6jZyC  #SUBMI",1.311277398319661e+18
1,2020-09-30 12:15:22,chollosyoferta,"#Chollo #Amazon 61% DESCUENTO Carnegie Fitness Set Pelota Pilates Anillo Pel

Precio oferta: 36,91
Reacondicionado: 14,18

    👇👇👇👇👇👇👇
👉 https://t.co/JBiRLFYamt https://t.co/OCMzbVUviP",1.3112784610346066e+18
2,2020-09-30 12:12:21,miumiuMH,"片づけはただモノを綺麗に収めるだけでなく、自分のなりたい暮らしを考えて好きなものを選び取る力、生きる力を身に付けるためのものなのです。

#男の子がひとりでできる「片づけ」 
https://t.co/Y4wN6DmGX9… #Amazon⁠ ⁠",1.3112777017186632e+18
3,2020-09-30 12:07:03,HAL_HRN,"【小説】平野晴琉著の短編小説
”愛する事” https://t.co/tCdOjCwvMI ほんの数ページの小説です。少し空いた時間に是非。　#AMAZON　#kindle",1.3112763680809902e+18
4,2020-09-30 12:10:29,MommomPace,"Happy Hump Day, read, read read 📚 #timeafteryesterday #paperclouds #amazon #kindle #ordertoday #read #book #lovestory #amazing #importantthings #escape #enjoy #timeforyourself https://t.co/dJ1CCGnh9f",1.3112772319693169e+18
5,2020-09-30 12:09:09,ykswld,ザ マインド　The Mind [並行輸...今売れています！https://t.co/dogmeLVKYi #follow #sougo #Amazon #アマゾン,1.311276897586864e+18
6,2020-09-30 12:10:50,XperienceDope,"Blasting Jidenna - White Niggas right now on Pretty Dope Xperience Radio aka #BlackPandora

listen now and catch a wave!! https://t.co/VqKFopeoex  #nowplaying #np #RT  #NowStreaming #Streema Download Now #Alexa #GooglePlay #iOSAppStore #Amazon #",1.3112773221972296e+18
7,2020-09-30 12:14:51,puneetck,"Meet Amazon One - One way to unlock the world, powered by your palm #Amazon https://t.co/0A2pnEDy8n",1.3112783337373573e+18
8,2020-09-30 12:11:16,RetroMix1079,"Now, you can listen on #Amazon #Alexa! Enable the Live365 Skill here: https://t.co/OVdbMqxh7J. Then say  ''Alexa, play Live365.''  When she asks which station, say  ''Play Retro Mix.'' #Live365 #80s #90s",1.3112774287493407e+18
9,2020-09-30 12:15:04,Star_Republic,"Missade du avsnitt #2 i vår serie om Unified Commerce?Nu finns inspelningen redo att ladda ner. Passa på att anmäla dig till avsnitt #3 också⭐👏 Enjoy!
https://t.co/e3wNm7O2ay

#ecommerce #unifiedcommerce #ehandel #starrepublic #sqli #PIM #OrderManagement #marketplace #amazon https://t.co/nvM3y92oBT",1.3112783862920643e+18
10,2020-09-30 12:12:20,KimAvery17,GIVEAWAY! Enter to #win a $10 #Amazon gift card? Go enter the #giveaway daily for your chance to win from @thatsjustjeni Go enter   https://t.co/Xrx5QWroK2,1.311277699940442e+18
11,2020-09-30 12:13:12,VirusKavach,"The latest in the AntiViral Fabric Technology.VirusKavach! 
Creates a nano layer germshield over any fabric and sways away the prospect of any microbes.
#Website :- https://t.co/uForxpBFKE
#Flipkart : https://t.co/1byzGd9IVj
#Amazon : https://t.co/6Sk59zJNkw https://t.co/qmzfTATKDk",1.3112779164922348e+18
12,2020-09-30 12:09:01,Massicarra,"#Amazon tende la mano al futuro e attiva un servizio di pagamento fuori da ogni schema. #AmazonOne

https://t.co/5SMsjktyNq",1.3112768664399913e+18
13,2020-09-30 12:10:51,koki_miotome,"就学前から、童話等を通じてお金の教育は必要不可欠です。将来、お子様を無駄遣い、ギャンブル依存症とかにさせたくない親御さんはこの機会にいかがでしょうか？
お金の教育童話　銭太郎　https://t.co/9xYZB50JUW　#福岡県 #反自民 #amazon #北九州市",1.311277326328447e+18
14,2020-09-30 12:07:42,walz10432,添付されてた2次元コードを読み取ると… #Amazon #詐欺 https://t.co/Ir5NmisOW0,1.3112765343054193e+18
15,2020-09-30 12:15:00,PeninsulaQatar,"#British #supermarket group #Morrisons is creating more than 1,000 jobs to pick and pack orders for its services on #Amazon

https://t.co/kdGVnl6KFz",1.3112783695778734e+18
16,2020-09-30 12:10:59,QUIZugugugugug,"#姓名で思い付く人を各25パーセントにしてみようゲームpart2
お題163「えふ」
「えふ」と言われて思い付く姓名は？
#プーシキン
#司・類・総二郎・あきら
#Amazon
#月曜から夜ふかし 

※１ 「人権(ひとけん)あり！」

※２ 「uchanda推しのお名前は？」
ヒント：昭和の日本人",1.3112773598871265e+18
17,2020-09-30 12:08:11,waribikisale48,"毎日クーポンを配布中★
商品により更なる値引きも可能です！

詳細はツイッターからメッセージ
もしくはこちらまで
https://t.co/fieXNRNw6f

#セール #送料無料 #特価 #安い #格安 #通販 #楽天 #Amazon",1.3112766568042824e+18
18,2020-09-30 12:08:25,SilviaECampero,"ODIO LA VAINILLA, de @MaldonadoMerche 

Una historia romántica con un trasfondo psicológico que nos hace cuestionar qué necesita el ser humano para ser feliz.

https://t.co/JiYABb4tJG
https://t.co/O0kqT76fM6
#Amazon https://t.co/BcblgEd8er",1.311276711414313e+18
19,2020-09-30 12:14:05,kasuha258,サーモポット 断熱ポット 卓上用ポット 保温卓上ポット 2L 保温ポット 魔法瓶 ポット サーモス ポット 真空ステンレス鋼製 ... https://t.co/if7wFRgrHz #Amazon,1.3112781393858642e+18
20,2020-09-30 12:11:30,masasan87774489,"今日紹介するポチポチ商品は、紫外線（UV)滅菌器じゃ。コロナ禍なので、こんなもんを買ってもうたが、本当に滅菌されているかわからんのじゃあぁぁぁwww
#ポチポチ生活
#通販
#amazon
#コロナ禍
#あらせぶん https://t.co/M6OA0kjkib",1.311277490896171e+18
21,2020-09-30 12:14:06,Letsvakilsearch,"Mr Manoj Kumar Singh (@Mann4550) wins the Rs 1000 #Amazon voucher in #Vakilsearch's #September2020's #ChequeContest

Watch out for the upcoming contest in #October2020, and stand a chance to win #freevouchers.

#startups #contests #contestwinner #Vakilsearch2020 #AmazonVouchers https://t.co/weE01rVMXV",1.3112781444274422e+18
22,2020-09-30 12:07:03,amzn_deals_us,https://t.co/8IfgD1GIZv Heat Transfer Vinyl HTV for T-Shirts 12 Inches by 8 Feet (Fruit Green) #Amazon #Deal https://t.co/1hKTVxMrOs,1.3112763707529257e+18
23,2020-09-30 12:06:50,MandyInEMEA,#amazon #amazonalexa #amazonshow #amazonring https://t.co/AtwcG9cOjR,1.311276313265623e+18
24,2020-09-30 12:10:11,CoolDealCA,"Today only 🚨

Personal Care Items at #Amazon  - Buy 2, Get a 3rd #free

#freebies #deals #deal #moneysaver #greatdeal #steals #discount #sale #bargain #bargainhunter #bargainshopper #cheap #bestprice #Amazon  #Deals #giveaway #Deal #ganga

 https://t.co/q29mILHZO6",1.3112771577847276e+18
25,2020-09-30 12:06:56,bot_bot365,"Amazon Prime会員　今なら30日間無料！！
特典１　お急ぎ便が使い放題の無料
特典２　Prime Video、Musicが使える！！
↓
https://t.co/q6xn5Mexkx

＃amazon",1.3112763407844966e+18
26,2020-09-30 12:12:43,Guilhermeeec,"No futuro você vai pode fazer pagamento com a palma da mão! 

#Amazon

https://t.co/NBOHvs2n0O",1.31127779359087e+18
27,2020-09-30 12:15:00,Koepronet,"【CD】#水瀬いのり さんの9thシングルが予約受付中‼️

全3曲収録予定😄
初回封入特典として「特製トレカ」付❗️

⭐️#Amazon 限定特典は「メガジャケ」❗️

ご予約や詳細は▼
https://t.co/qeI3x9AU5k",1.3112783697622876e+18
28,2020-09-30 12:09:29,TimesofIndiaMSP,"Tennis Racket Grips&gt;https://t.co/aO3YrO4dGE
#Tennis #sports #equipment #grip #tennislovers #onlineshopping #MarketingDigital #products #Online #store #shopnow #buynow #Amazon #AmazonDeals #MSP #today #Offers",1.311276980491354e+18
29,2020-09-03 18:26:48,LenovoLegion,"Lenovo Legion x @PlayApex
Now is your chance to rise above the rest. 
Unmatched performance, purposeful engineering, modern design.
Gear up with a machine as savage as you are.
Stylish outside.
Savage inside.",1.301587465258578e+18
30,2020-09-30 12:11:40,BowlZalVat,"ジムニーになんちゃってサイドオーニングつけれるやーつ
キャプテンスタッグ(CAPTAIN STAG) テント・タープ部品 カージョイントM-8390 https://t.co/YXGFa8ZLHz #Amazon",1.3112775320716984e+18
31,2020-09-30 12:11:54,DJ_SOARISE,"@AmazonHelp Amazonさんいつもありがとうございます👿ぺこり

#Amazon #アマゾン",1.3112775918824694e+18
32,2020-09-30 12:11:45,sankakusalty2,"分かりやすくて参考になりました‼︎無料でこの内容は凄すぎる…とりあえず今ってとても良い時代なんだなと感じました…笑

＃イケハヤ
＃イケハヤ大学
＃Youtuber

【100年後も通用する】 イケハヤ流！ 稼ぐために”絶対”必要な18の思考法 (イケハヤ書房) https://t.co/b2HIl86Mn5 

#Amazon",1.3112775524014449e+18
33,2020-09-30 12:11:32,rakten_kaden_,"09/30 21:11

【アウトレット】フィリップス ソニッケアー ダイヤ
【楽天】15950円
【Amazon】17100円

★楽天で購入すると★
 1150円 お得（お得率7％）

↓お得な情報を一覧で確認出来るサイト
https://t.co/kMQYxgL6Rh

#楽天市場 #Amazon #お得 #せどり https://t.co/8gLSMEafDE",1.3112774974811955e+18
34,2020-09-30 12:15:14,CoolDealCA,"Highly Rated Rechargeable Electric Toothbrush for $20.59!! 🦷 

#freebies #deals #deal #moneysaver #greatdeal #steals #discount #sale #bargain #bargainhunter #cheap #bestprice #Amazon  #Deals #giveaway #Deal #ganga

 https://t.co/l0fg9WHEL2 https://t.co/bBclkncgMU",1.3112784301939384e+18
35,2020-09-30 12:15:00,Suke7251,"【Amazonユーザー分析】

◆流入元SNSまとめ

- Youtube　52.4%
- Twitter      38.6%
- Facebook   3.5%
- Instagram   2.4%
- Reddit         0.7%

Youtube、Twitterからの流入が圧倒的😶

#Amazon
#SimilarWeb https://t.co/26hcZu1T67",1.311278369263108e+18
36,2020-09-30 12:15:30,lynwhitehead,Deals of the day!! https://t.co/QAjp1UY1cw #deals #shopping #amazon,1.3112784940730941e+18
37,2020-09-30 12:13:01,fan_chun_ru,"セブンネットショッピングでは、月末セール中❣️

最大70％OFFらしいです😍

私の絵本『たまとクロのたからさがし』もセブンネットで配信中💗是非🙏

★https://t.co/4sv5qmF9P9

#絵本 #児童書 #読み聞かせ #Amazon #Kindle #楽天ブックス #紀伊国屋書店 #セブンネット #育児 #子育て #電子書籍 https://t.co/XQOmbW3wZM",1.3112778723890872e+18
38,2020-09-30 12:07:11,kimura_books,オススメはハーモニー。もっとこの人の本を読みたかった。円城塔さんが好みなら。 伊藤計画 https://t.co/hwYl6A8 #books #amazon,1.3112764017989878e+18
39,2020-09-30 12:08:34,MarioGuinea4,"#Amazon #CienciaFiccion #Tesai #España Una lectora! Tesai, novela corta de ciencia ficción, en Amazon. https://t.co/lzM8uCndO8",1.3112767531015086e+18
40,2020-09-30 12:15:16,montsemansilla,"📌🎯 Aprende a vender en #Amazon… sin perder la cabeza
👇

https://t.co/9ni7oW3un3",1.3112784382846566e+18
41,2020-09-30 12:13:15,ensquimica,"Mochila Laptop masculina
💲 De R$237,25 por R$142,35    Frete GRÁTIS Prime
Compre aqui: https://t.co/61z2XwKnC1

#amazon #mochila #notebook #laptop #oferta #promocao",1.3112779288529183e+18
42,2020-09-30 12:12:26,AntonioLinkinYT,"Xiaomi Mi 10 Pack Lanzamiento:
https://t.co/FlW7FRxdSZ
✅ Xiaomi Mi 10
✅ Mi Band 3
✅ Mi True Wireless Earphone 2
✅ 639€ (160€ de ahorro).
✅ Posibilidad de Financiar.
#Xiaomi #xiaomimi10t #xiaomimi10tpro #xiaomimi10t #xiaomimitrue #xiaomimiband3 #amazon #SerieMi10T",1.3112777250727158e+18
43,2020-09-30 12:12:22,hispachollos,"🌀 Skechers Melson Raymon, Zapatillas para Hombre, Negro (Black Canvas Black), 40 EU. #Amazon 🇪🇸

💶 Precio oferta: 52,99€ 💥

💳 Enlace: https://t.co/i0LvWcPjJ7

✨ 30 días gratis de Amazon Music Unlimited : https://t.co/dnJe9X8AvY

👁 Vi ...
https://t.co/piN06uAu75
#chollo",1.3112777086520115e+18
44,2020-09-30 12:07:03,AlanSomoza,"Cruzados de las Estrellas,Volumen 1 disponible para la clientela de la  #Peluqueria @mamenbatrespelu #Parla @ViasLiterarias de @BarriosdeLetrashttp://leer.la/cruzadosv1La mejor literatura mientras esperas. #amazon #libros #literatura #lectura #ebook https://t.co/ond7HjRrFl",1.311276368978686e+18
45,2020-09-30 12:10:03,Tux_Love,"Ripping, riveting reads. #Bookplug #books #ReadersCommunity #author #ebooks #Amazon https://t.co/LQV3ZdBv5f",1.311277122694992e+18
46,2020-09-30 12:14:10,skybeansmusic,"EVER AFTER(CCCD) https://t.co/3O93nXV7au #Amazon

今これ聴いてます♪",1.311278162081276e+18
47,2020-09-30 12:09:44,RovuCena,"Last Chance! Would you like to win a $50 Amazon Gift Card or PayPal Deposit? Check out this easy entry Gleam giveaway for a chance to #WIN

Open Worldwide

@GooseGiveaways #wingiftcard #wincash #amazon #paypal #winmoney #sweepstakes #giveaways https://t.co/qdCy53QHdo",1.3112770446014136e+18
48,2020-09-30 12:13:38,bethannmiller9,"CEO BROTHERS BOOK 3 COVER REVEAL

#lexytimms #lexytimmsbooks #series #booksofinsta #books #romancenovel #slayfourrising #teasertime #bookteaser #tbralert #alwaysreading  #workplaceromance #billionaire #amazon #bookish #oilki #slayonerivalry #slaytworuin #booksofinstagram https://t.co/2qQL4lNwjR",1.3112780256155648e+18
49,2020-09-30 12:15:19,HedgeRock,#Amazon https://t.co/RpI0DpawJW,1.31127845125342e+18
,date,screen_name,tweet,tweet_id
0,2020-09-30 12:02:42,COZDENE,"RT de @pilarescritora Para #viajar sin salir de casa #Lee 📚EL ESPEJO EGIPCIO 
¿Qué pasaría si un día al comprar un espejo tu vida se convirtiera en una pesadilla? 

👉 https://t.co/eve5XpyCOA
👉 https://t.co/6TI9YYfyy7

#KindleUnlimited #RecomiendoLeer #Amazon
#suspense https://t.co/X8QPY4XafW",1.3112752756284457e+18
1,2020-09-30 12:05:40,Rakuten_Amazon5,"家電・カメラ の優れたセレクションからの テレビ のオンラインショッピング; 液晶テレビ, フルハイビジョン液晶テレビ などを毎日低価格でお届けしています。 https://t.co/OhJR9cTjbl #tv #家電 #amazon #shopping",1.311276022575186e+18
2,2020-09-30 12:04:36,COZDENE,"RT de @pilarescritora Quieres que tus niños aprendan actitudes positivas?
REGALA 📚Ama-T. El abecedario del amor
Un libro de educación en valores
Ideal para tus hijos, nietos, sobrinos...
👉 https://t.co/rYh5aQUrHq
👉 https://t.co/q5BpHwiDeG
#Amazon  #KindleUnlimited https://t.co/xhyUcoaOSY",1.3112757541901804e+18
3,2020-09-30 12:03:36,JukkaPartanen3,#Amazon payment #gadget scans veins in your hand - a palm #scanner for secure payment and other #biometric checks ⁦@BBCWorld⁩  #technology #security #contacless #payment  https://t.co/ggXSMICGEO,1.311275500896215e+18
4,2020-09-30 12:03:24,ChollosDescubre,"‍SUPER PRECIO ❗️🔸 #Amazon | #Electrónica
📣VTIN R4 Altavoz Bluetooth 12W con Micrófono

✨Aplicar cupón de 10%

⛔️ PVP: 19,99  €
 ✅PRECIO OFERTA: 17,99 € 

   ⤵️ Link de compra
   🌐 https://t.co/2CBczfl4vg

Visto en https://t.co/HW2VwUc9d2 https://t.co/ZleEpfkJWL",1.3112754523471012e+18
5,2020-09-30 12:03:34,mimishad,"On the day of release. Also no time frame for when it will actually be sent. So item cancelled. After waiting so long this is a disappointment, never had any problems with Amazon. Hopefully doesn't happen again #amazon #amazonuk #TheMeaningOfMariahCarey",1.3112754914171085e+18
6,2020-09-30 12:04:28,creativemm12,"👉https://t.co/FPP2miJY42 #amazon👈
💯👉Auto Follower👈💯
💯👉#自動相互フォロー👈💯

#RT企画
#MLB
#Tottenham #vs #Chelsea
#National #Coffee #Day
#TFB
#TeamFollowback
#f4f
#1000ADay
#固定RT
#FollowBack
#bts
#seventeen",1.311275717590614e+18
7,2020-09-30 12:05:00,kana_ogawa,"【犬用おもちゃ】ベスト10
犬おもちゃ 音の出る 【6点セット】 噛むおもちゃ ストレス解消 運動不足 卵の形 中小型犬に適用
https://t.co/Vq5Uc2rI7H #Amazon",1.311275855625085e+18
8,2020-09-30 12:03:19,CholloLinkES,"‍SUPER PRECIO ❗️🔸 #Amazon | #Electrónica
📣VTIN R4 Altavoz Bluetooth 12W con Micrófono

✨Aplicar cupón de 10%

⛔️ PVP: 19,99  €
 ✅PRECIO OFERTA: 17,99 € 

   ⤵️ Link de compra
   🌐 https://t.co/1NcvBM690L

Visto en https://t.co/JpQzg3pNYP https://t.co/cgiioE59fu",1.3112754306541527e+18
9,2020-09-30 12:05:37,kana_ogawa,"【犬用おもちゃ】ベスト10
Yidarton 犬噛むおもちゃ 犬用おもちゃ 犬用噛むおもちゃ 柔らかい 知育玩具 訓練玩具 運動不足解消 歯ぎ清潔 安全 丈夫 耐久性
https://t.co/bPkuZR8IGa #Amazon",1.3112760095267185e+18
10,2020-09-30 12:04:27,chollosyoferta,"#Chollo #Amazon 44% DESCUENTO Melitta E 970 103 macchina per caffè Libera installazione Macchina per espresso 1,8 L Automatica

Precio oferta: 369,0
Reacondicionado: 206,35

    👇👇👇👇👇👇👇
👉 https://t.co/tvxuhEJO9S https://t.co/EJZ13ku6oA",1.3112757135305605e+18
11,2020-09-30 12:04:49,COZDENE,"RT de @pilarescritora Quieres que tus niños aprendan actitudes positivas?
REGALA 📚Ama-T. El abecedario del amor
Un libro de educación en valores
Ideal para tus hijos, nietos, sobrinos...
👉 https://t.co/rYh5aQUrHq
👉 https://t.co/q5BpHwiDeG
#Amazon  #KindleUnlimited https://t.co/OHnqOz7Rp8",1.3112758054991012e+18
12,2020-09-30 12:04:22,AlfredodeCandi1,"Mastering DeFi is the #first and #only #book that explain the #decentralized #finance in a new way.

It cover the main #blockchain like #Ethereum (#ETH), #EOS and #Tron (#TRX).

Over 30 different #protocol from all the macro area of #DeFi 

On #Amazon

 https://t.co/OBiMWfvcvI",1.3112756937418752e+18
13,2020-09-30 12:03:14,MaxiChollo,"‍SUPER PRECIO ❗️🔸 #Amazon | #Electrónica
📣VTIN R4 Altavoz Bluetooth 12W con Micrófono

✨Aplicar cupón de 10%

⛔️ PVP: 19,99  €
 ✅PRECIO OFERTA: 17,99 € 

   ⤵️ Link de compra
   🌐 https://t.co/fW8WeopjCP

Visto en https://t.co/HGTfnxg2wd https://t.co/WyLEOAsb4l",1.3112754081894605e+18
14,2020-09-30 12:05:42,kana_ogawa,"【犬用おもちゃ】ベスト10
Pidsen ペットおもちゃ 訓練毛布 犬 猫 ペット ノーズワーク マット 頑丈 分離不安・食いちぎる対策 運動不足・ストレス解消 集中力向上 知育玩具 ペット用品
https://t.co/BJGN1wl2U2 #Amazon",1.3112760317942743e+18
15,2020-09-30 12:05:39,dbcurren,#Amazon internal records show its worker #safety deception https://t.co/46rPaAXsc8,1.3112760169424282e+18
16,2020-09-30 12:06:32,Juchtervbergen,"#amazon #explore #virtualevents #livestream #livestreaming Amazon Explore offers livestreamed classes, tours and shopping https://t.co/ArKBr7Q4SC https://t.co/676m6XjQOQ",1.311276240674775e+18
17,2020-09-30 12:05:05,amzn_deals_us,"https://t.co/LuGUeGuOlS STARRY PROJECTOR LIGHT X7-Pro Star LED Galaxy Ocean Wave Projector Bluetooth Music Speaker for Baby Bedroom,Game Rooms,Party,Home Theatre,Night Light Ambiance, Black #Amazon #Deal https://t.co/iVQQsyo8xl",1.3112758744996782e+18
18,2020-09-30 12:03:34,XperienceDope,"Blasting Kendrick Lamar - Alright right now on Pretty Dope Xperience Radio aka #BlackPandora

listen now and catch a wave!! https://t.co/VqKFopeoex  #nowplaying #np #RT  #NowStreaming #Streema Download Now #Alexa #GooglePlay #iOSAppStore #Amazon #",1.311275491219968e+18
19,2020-09-30 12:03:42,dmtoft,"@MLRodriguez09 @robsanbornauth Thank you, ML. Have a great day.

Suicide bombers have become a renewable resource, but who is buying their souls, and why?

A roller coaster ride of a book. Well-written and full of twists. – #Amazon review

UK https://t.co/ejuuEmLbC3

USA https://t.co/r1xs4c5nMh",1.3112755250889605e+18
20,2020-09-30 12:04:43,mpawhm,"9倍バック -1782
SPU10倍 -1980
実質 16038円
かなりお買い得ですよ。10/1までですよ。

#楽天room #楽天 #メルカリ
#古着せどり #せどり #副業 #ポイ活
#amazon #90's古着 
#DARUMAroom   https://t.co/zAA3tSEVa3",1.3112757832943452e+18
21,2020-09-30 12:03:25,nuco_bot,"価格設定がおかしいamazonショップでこのセクシーアイテムを100枚仕入れても¥100+送料。
これをオークションや●カリで1枚¥200〜¥300で売ってみたらどうかね？

#amazon #お得 #おかしい #ビジネス #ぬこ

https://am ##bot #neko",1.3112754546790113e+18
22,2020-09-30 12:03:51,Amazon76380486,"https://t.co/N0xlMNHQyN
#ad
#Amazon",1.3112755646789059e+18
23,2020-09-30 12:05:16,kana_ogawa,"【犬用おもちゃ】ベスト10
犬おもちゃ 音が鳴る ぬいぐるみ 犬用おもちゃ 犬噛むおもちゃ コットン ストレス解消 丈夫 耐久性 清潔 歯磨き 子犬/小型犬【10点セット】
https://t.co/1GUG5Nr52x #Amazon",1.3112759211611218e+18
24,2020-09-30 12:04:17,JagbaniOnline,"Amazon ਦੀ ਨਵੀਂ ਤਕਨੀਕ, ਹੁਣ ਸਿਰਫ਼ ਹੱਥ ਵਿਖਾ ਕੇ ਕਰ ਸਕੋਗੇ ਪੇਮੈਂਟ, ਨਹੀਂ ਪਵੇਗੀ ਕਾਰਡ ਦੀ ਲੋੜ
https://t.co/Eni4sPhT0m
#Amazon #Amazonone #Biometricpayments https://t.co/ejOwpo5o85",1.3112756739865436e+18
25,2020-09-30 12:06:10,OfertacularRL,"‼️QUE TE OIGAN‼️ 👁‍🗨 #Ofertacular #Amazon #chollo #oferta #ganga

⚫️ Amplificador de Voz

🛒: ➡️ https://t.co/CR2fFGj3iW ⬅️ https://t.co/zr6Z6gfv1H",1.3112761474817516e+18
26,2020-09-03 18:26:48,LenovoLegion,"Lenovo Legion x @PlayApex
Now is your chance to rise above the rest. 
Unmatched performance, purposeful engineering, modern design.
Gear up with a machine as savage as you are.
Stylish outside.
Savage inside.",1.301587465258578e+18
27,2020-09-30 12:03:33,mybtrmommy,Gillette Satin Care Ultra Sensitive Shave Gel Twin Pack $2.47 Shipped https://t.co/5c36Bh54iI #amazon https://t.co/2cAARAuEBM,1.3112754880488653e+18
28,2020-09-30 12:04:06,amzn_deals_us,https://t.co/AINOCjYhFO GRACE KARIN Boatneck Sleeveless Vintage Tea Dress with Belt #Amazon #Deal https://t.co/ohM9pncJ1l,1.3112756286924145e+18
29,2020-09-30 12:06:23,TimesofIndiaMSP,"https://t.co/bIeoBypMzg
#engine #oil #Auto #automotive #automobile #motorcyclesofinstagram #Bikes #onlineshopping #MarketingDigital #motorcycle #Deals #TOI #MSP #Amazon #AmazonDeals #online #purchase",1.3112761999019459e+18
30,2020-09-30 12:06:38,MARTIALFUSION,Check out #MARTIALFUSION page on #AMAZON https://t.co/hv1a8ZVm8J,1.3112762662223872e+18
31,2020-09-30 12:05:11,kana_ogawa,"【犬用おもちゃ】ベスト10
犬ロープおもちゃ 犬おもちゃ 犬用玩具 噛むおもちゃ ペット用 コットン ストレス解消 丈夫 耐久性 清潔 歯磨き 小/中型犬に適用
https://t.co/mwjFf8WbGy #Amazon",1.3112758992333455e+18
32,2020-09-30 12:05:27,kana_ogawa,"【犬用おもちゃ】ベスト10
ハーツ (Hartz) デンタル ボーン 小型犬用
https://t.co/4UevqzkxnB #Amazon",1.3112759650000282e+18
33,2020-09-30 12:06:07,amzn_deals_us,https://t.co/CM1dS9DGfU Ekouaer Pajamas Set Long Sleeve Sleepwear Womens Button Down Nightwear Soft Pj Lounge Sets XS-XXL #Amazon #Deal #JDTZCK001 https://t.co/Ol7X5dsuvm,1.3112761350036234e+18
34,2020-09-30 12:05:12,CoolDealCA,"Highly Rated Video Doorbell Alternative for $66.49!!

#freebies #deals #deal #moneysaver #greatdeal #steals #discount #sale #bargain #bargainhunter #bargainshopper #cheap #bestprice #Amazon  #Deals #giveaway #Deal #ganga

 https://t.co/Amd7vPYzM7 https://t.co/xcKOirbKJb",1.311275906086953e+18
35,2020-09-30 12:03:13,AuthorOSanchez,"When things go bump in the night...they bump back.
https://t.co/fK0tf0FYii
#amazon #comedy #paranormal #humor https://t.co/7ItkN4SgJs",1.311275404091687e+18
36,2020-09-30 12:03:58,emj_kj,"""... And if enough customers trust #Amazon with the trade-off, physical #retail will face a dilemma: chase the future by aligning with the most powerful tech company in retail, or hope their customers don't stray as a result."" https://t.co/nm4mmZP2O9",1.311275594160771e+18
37,2020-09-30 12:06:06,AlanSomoza,¡El Tercer Volumen de la #novedosa #saga de #cienciaficcion ya en #venta! ¡#Descubre los #misterios de los #asesinos del #SistemaSolar en #Amazon ! ¡Nunca has visto #guerra igual!  #España #Mexico #lectura https://t.co/8BJ31XvGpZ https://t.co/zJt7FuHwNd,1.311276130150871e+18
38,2020-09-30 12:04:07,COZDENE,"RT de @pilarescritora Quieres que tus niños aprendan actitudes positivas?
REGALA 📚Ama-T. El abecedario del amor
Un libro de educación en valores
Ideal para tus hijos, nietos, sobrinos...
👉 https://t.co/rYh5aQUrHq
👉 https://t.co/q5BpHwiDeG
#Amazon  #KindleUnlimited",1.31127563090287e+18
39,2020-09-30 12:05:48,kana_ogawa,"【犬用おもちゃ】ベスト10
ベストエバー 犬用おもちゃ エビ天
https://t.co/wiI13i2ycE #Amazon",1.3112760536885084e+18
40,2020-09-30 12:06:32,rakten_kaden_,"09/30 21:06

三菱　MITSUBISHI　布団乾燥機　AD‐X8
【楽天】15970円
【Amazon】17200円

★楽天で購入すると★
 1230円 お得（お得率8％）

↓お得な情報を一覧で確認出来るサイト
https://t.co/kMQYxgL6Rh

#楽天市場 #Amazon #お得 #せどり https://t.co/OqA1Y4rNji",1.311276237529084e+18
41,2020-09-30 12:06:01,jeffstripp,"A guide to #Amazon Brand Registry. This covers everything on this topic, including how you can apply and what the benefits are. See how you can benefit from it.

https://t.co/pSoBhr35o2 via @smartminded3
#eCommerce",1.3112761077573878e+18
42,2020-09-30 12:04:06,chollosyoferta,"#Chollo #Amazon 80% DESCUENTO Ibili 611312   Cafetera Indubasic 12 Tazas

Precio original: 51,8
Precio oferta: 33,58
Reacondicionado: 10,02

    👇👇👇👇👇👇👇
👉 https://t.co/5QVkt3lYxh https://t.co/6fIb3VHA3X",1.3112756251818598e+18
43,2020-09-30 12:06:33,DJ_SOARISE,"#Amazon

綺麗に梱包されてまとめて次の日届く！便利だなぁ🗝

最近めっきりディグリに行かなくなってしまった🌴

#アマゾン https://t.co/mQtUvRJrR9",1.3112762449152983e+18
44,2020-09-30 12:04:49,LSalt1,"A new guest #author on my #blog 

Karen Randau (@klrandau) talks about her #NewRelease, Mystery Bones Murders 

#Amazon: https://t.co/BrV7wqlm9g 

#blogging #MYSTERY #thriller #BookTour #WritingCommunity #GuestPost #Giveaway 

https://t.co/Zt0fNl2ig1 

via @RABTBookTours https://t.co/VLEDiZpeSE",1.3112758093620593e+18
45,2020-09-30 12:05:32,kana_ogawa,"【犬用おもちゃ】ベスト10
犬おもちゃ 犬噛むおもちゃ 音の出るおも 音が鳴る ちゃ ペット用品 ぬいぐるみ 運動不足 ストレス解消 清潔安全 丈夫 耐久性 清潔 歯磨き 子犬/小型犬 可愛い 小中型犬用 洗える (10点セット)
https://t.co/3dSUWmKY2y #Amazon",1.311275986961408e+18
46,2020-09-30 12:05:02,Juchtervbergen,#AdSpend #Amazon #EU #Google #US Amazon Introduces Biometric Payment System; Google Makes Fresh Promises to EU Over Fitbit https://t.co/uHhb735UhF,1.3112758615516242e+18
47,2020-09-30 12:05:21,kana_ogawa,"【犬用おもちゃ】ベスト10
犬用噛むボール おやつおもちゃ 噛むおもちゃおやつボウル 丈夫で長持ち 犬の遊び好き天性満足 知育玩具 知育トイIQ&amp;挙動激励 運動不足解消
https://t.co/N7J0oUU3xZ #Amazon",1.3112759431141048e+18
48,2020-09-30 12:04:09,BmgGeorgia,"#AMAZON ONE LETS CONSUMERS PAY WITH THEIR HAND
#BMG #BUSINESSMEDIA #BUSINESSMEDIAGEORGIA
https://t.co/yBRJ5OPOVX",1.3112756390901555e+18
49,2020-09-30 12:05:53,Lise_Alves,"First time #Brazil is mentioned in a US #Debates2020 Biden talks about environment, climate change and #Amazon fires. Says it will give funds to help save the forest but warns Brazilian govt that he may also apply financial sanctions",1.3112760766609367e+18
,date,screen_name,tweet,tweet_id
0,2020-09-30 12:00:49,CoolDealCA,"💲💰
Good Cook Clear Measuring Cup ...
Reduced from $4.19 to $3.44

# #Deals #new #Deals #Amazon  #Deal #ganga

 https://t.co/6mwSmZctnD https://t.co/UzdpOdihSb",1.3112747995036754e+18
1,2020-09-30 12:00:29,shinchaku,【発売日：2020/09/11】青のオーケストラ（８） (裏少年サンデーコミックス)  https://t.co/FeFjOz25d2 #amazon,1.3112747172115046e+18
2,2020-09-30 12:01:33,mytubeeco,Our amazing little phone stand! Keeps your phone accessible when you need to go hands-free. Available on Amazon now! 🙌🏼 #phonestand #phone #mobile #holder #android #ios #gadget #gadgets #tech #gaming #twitch #phones #mobiles #amazon #prime #london #uk #tubee #mytubee https://t.co/50hWYvO6Bs,1.3112749839776154e+18
3,2020-09-30 12:00:37,shinchaku,【発売日：2020/09/25】追放者食堂へようこそ！ 2　～最強パーティーを追放された料理人は、冒険者食堂を開きます！～ (ガルドコミックス)  https://t.co/8gfaDQi0KX #amazon,1.3112747497802588e+18
4,2020-09-30 12:00:28,shinchaku,【発売日：2020/09/12】野生のラスボスが現れた！【コミック版】　7　-黒翼の覇王- (アース・スターコミックス)  https://t.co/ZmsYxdDIwj #amazon,1.3112747143635517e+18
5,2020-09-30 12:00:35,shinchaku,【発売日：2020/09/07】落第賢者の学院無双 　～二度目の転生、Ｓランクチート魔術師冒険録～ 2巻 (デジタル版ガンガンコミックスＵＰ！)  https://t.co/sZXjHvIYCF #amazon,1.31127474098056e+18
6,2020-09-30 12:00:28,shinchaku,【発売日：2020/09/25】とんでもスキルで異世界放浪メシ スイの大冒険 4 (ガルドコミックス)  https://t.co/b4npYh6Bs3 #amazon,1.3112747119643607e+18
7,2020-09-30 12:00:22,yuki_nagase,"【犬用おでかけ】ベスト10
ペットカート 折りたたみ 小型犬 リード2本付き 多頭 耐荷重15kg 猫 犬 お出かけ 小型犬 多頭 4輪バギー 通気 前も後ろも網窓 介護 老犬 ペットバギー(ネービー)
https://t.co/KSyENvXbeQ #Amazon",1.3112746858588897e+18
8,2020-09-30 12:02:17,SAMUEL_A_C_2020,"Check out my new single ""You Gave"" distributed by @DistroKid and live on #Amazon! https://t.co/y3JM5Koe3N",1.311275167956562e+18
9,2020-09-30 12:00:52,OnlineWarriors1,"New episode #PodernFamily! This week we discuss:

- #Amazon's tech showcase, including a home security drone and #Luna
- #FarmVille shutting down
- Nick Fury's new Disney+ show

Promo from @hugospodcast!

Check it out on all podcast services or https://t.co/M8OHNpq5RR. https://t.co/6XcCV8HIJV",1.311274812090839e+18
10,2020-09-30 12:00:30,TheInStockRoom,"***New Deal***
Office and School Supplies at ...
New price up to 25% off
https://t.co/HHxlLewtcT
#Deals #newDeals #savings #Amazon https://t.co/mu3YPKpm9P",1.3112747211875942e+18
11,2020-09-30 12:01:58,SuperInfoKali,Nur noch für begrenzte Zeit! 3 Monate #Hörbücher #GRATIS hören! Mit #Audible und #Amazon #Prime Teste selber! -&gt; https://t.co/yEBWhxj8CM,1.311275090668028e+18
12,2020-09-30 12:01:31,rakten_kaden_,"09/30 21:01

ルンバ890 iRobot ロボット掃除機 アイロ
【楽天】35152円
【Amazon】39000円

★楽天で購入すると★
 3848円 お得（お得率11％）

↓お得な情報を一覧で確認出来るサイト
https://t.co/kMQYxgL6Rh

#楽天市場 #Amazon #お得 #せどり https://t.co/cbPNCyL2Vz",1.3112749778495365e+18
13,2020-09-30 12:01:28,amos_champ,"Don't lose hope!
Contact us here:
https://t.co/PqhlXcWijX 
#AmosPowell #artist #coffeetablebook #TheMusicPullsMeBack #gardenmagazine #interiordesign #poet #paintlovers #booklover #luxury #bedroom #hope #wherepeoplematter #women #poet #amazon https://t.co/VwepsMU09Z",1.3112749641804431e+18
14,2020-09-30 12:00:25,shinchaku,【発売日：2020/09/11】ミステリと言う勿れ（７） (フラワーコミックスα)  https://t.co/wwQTXOfot9 #amazon,1.311274698219688e+18
15,2020-09-30 12:00:48,yuki_nagase,"【犬用おでかけ】ベスト10
アイリスオーヤマ 折りたたみソフトキャリー ブラウン Mサイズ
https://t.co/qI0AsoaQ18 #Amazon",1.3112747952211476e+18
16,2020-09-30 12:02:10,COZDENE,"RT de @pilarescritora Para #viajar sin salir de casa #Lee 📚EL ESPEJO EGIPCIO 
¿Qué pasaría si un día al comprar un espejo tu vida se convirtiera en una pesadilla? 

👉 https://t.co/eve5XpyCOA
👉 https://t.co/6TI9YYfyy7

#KindleUnlimited #RecomiendoLeer #Amazon
#suspense",1.3112751416708751e+18
17,2020-09-30 12:00:35,shinchaku,【発売日：2020/09/18】久保さんは僕を許さない 3 (ヤングジャンプコミックスDIGITAL)  https://t.co/a2Y60mv2uj #amazon,1.3112747432539382e+18
18,2020-09-30 12:00:45,GabrielsChrista,"#Amazon #LinkedIn #Facebook 
Earn while you learn from people with similar interests by sharing interesting media posts. One of the first social media sites that pays you to stay connected.

https://t.co/mhfz7dCHex https://t.co/PC4GYXtQ1A",1.3112747822819246e+18
19,2020-09-30 12:01:18,hispachollos,"🌀 Chupa Chups Gomis, Golosinas de Sabores Variados con Aromas Naturales, Bolsa de Lollies de 175 gr.. #Amazon 🇪🇸

💶 Precio oferta: 1€ 💥 (PVP normal: 1,75€)

💳 Enlace: https://t.co/5KBmNylsvq

✨ 30 días gratis de Amazon Music Unlimite ...
https://t.co/XL0PT26sG4
#chollo",1.3112749227489976e+18
20,2020-09-30 12:00:27,shinchaku,【発売日：2020/09/23】宝くじで40億当たったんだけど異世界に移住する　８ (MFC)  https://t.co/UVzNunFqJi #amazon,1.311274707581317e+18
21,2020-09-30 12:00:49,Darrenc78296201,Available from #Amazon #Waterstones #BarnesandNoble and other online booksellers https://t.co/EaLji2HEAj,1.3112748000112435e+18
22,2020-09-30 12:01:22,digitallifecy,"#Amazon One: Ο νέος τρόπος πληρωμής χρησιμοποιεί την …παλάμη σας! | #AmazonOne 
https://t.co/Xiap38EbBf",1.3112749380248125e+18
23,2020-09-30 12:02:40,MenudoPaquete,"🌟 [𝗠𝗲𝗻𝘂𝗱𝗼 𝗣𝗮𝗾𝘂𝗲𝘁𝗲] 🌟

🔊 Sboly Espiralizador de verduras con 5 cuchillas,spiralizer vegetal con contenedor, Espaguetis d #amazon

🌍 Enlace: https://t.co/9WGFBsG97y

Te esperamos en telegram: https://t.co/IbEojfZpa4 https://t.co/acNLiocaxV",1.311275267789402e+18
24,2020-09-30 12:00:16,yuki_nagase,"【犬用おでかけ】ベスト10
億騰 ペットドライブボックス 車用ペットシート 座席シート お出かけ 折り畳み式 防水 洗濯可 汚れにくい 飛び出し防止 組立簡単 犬 猫 うさぎ ペットドライブ用品 ブラック
https://t.co/c1Bt0yjWes #Amazon",1.3112746638974894e+18
25,2020-09-30 12:00:34,shinchaku,【発売日：2020/09/07】おっさん冒険者ケインの善行 5巻 (デジタル版ガンガンコミックスＵＰ！)  https://t.co/l7fnkSg4X5 #amazon,1.3112747365136794e+18
26,2020-09-30 12:00:33,shinchaku,【発売日：2020/09/10】魔法使いの嫁 １４巻 (ブレイドコミックス)  https://t.co/vf8SannyxX #amazon,1.3112747324325642e+18
27,2020-09-30 12:01:01,YueyueXu2,"US only 
fully refund
Need Review 
#usareviewer #amazonreviewer #productreviewer #ilovefreebies #freebies #usreviewer #usreviews #reviewer #producttesting #amazonreviews #amazondeal #amazonfreebie #amazonusareviewer #amazonfreebies #usa #freesamples #Amazon https://t.co/zzJrMjOBC8",1.3112748528424837e+18
28,2020-09-30 12:02:22,domadomad,【PSP】 J.LEAGUE プロサッカークラブをつくろう! 7 EURO PLUS  / セガ  予約受付中　詳細https://t.co/4orZapW #amazon,1.3112751923590226e+18
29,2020-09-30 12:00:48,sumibi_kyan,"記事を投稿しました：
 【レビュー】焚火パチスタンド用のメッシュシートを交換してみた

 https://t.co/jIHMn9t8qx
 #Amazon #焚火台 #ジョイフルAK #B07FX7F6Q9 #CARBABY #パチスタンド #BD-480A #替え網 #BUNDOK",1.3112747983752643e+18
30,2020-09-30 12:02:26,eroticamistress,FINESSE Cover Reveal!! #amazon #nook #kindle #irromance #bwwmromance https://t.co/czF3IxVgCg,1.3112752087964426e+18
31,2020-09-30 12:00:42,yuki_nagase,"【犬用おでかけ】ベスト10
Syuu Pet 犬用リード 牽引ロープ お出かけ 丈夫 反射材質 ナイロン製 小型犬 中型犬 大型犬適用（ピンク）
https://t.co/zQsAODQ3k9 #Amazon",1.3112747732891607e+18
32,2020-09-30 12:01:13,montsemansilla,"📌🎯 Aprende a vender en #Amazon… sin perder la cabeza
👇

https://t.co/9ni7oWl5eB",1.3112749003891261e+18
33,2020-09-30 12:00:44,CoolDealCA,"18 Piece Nonstick Pots &amp; Pans Cookware Set only $51.99!!

#freebies #deals #deal #moneysaver #greatdeal #steals #discount #sale #bargain #bargainhunter #cheap #bestprice #Amazon  #Deals #giveaway #Deal #ganga

 https://t.co/PNLdY1Y0Pm https://t.co/w3eHZFG3xv",1.3112747788006564e+18
34,2020-09-30 12:02:39,reinadellowcost,"🌟 [𝗟𝗮 𝗿𝗲𝗶𝗻𝗮 𝗱𝗲𝗹 𝗟𝗼𝘄𝗰𝗼𝘀𝘁] 🌟

🔊 Sboly Espiralizador de verduras con 5 cuchillas,spiralizer vegetal con contenedor, Espaguetis d #amazon

🌍 Enlace: https://t.co/2rVFVkjQkl

Te esperamos en telegram: https://t.co/Jxndx9pJCJ https://t.co/7zhSldKWf4",1.311275263863423e+18
35,2020-09-30 12:00:27,shinchaku,【発売日：2020/09/18】古見さんは、コミュ症です。（１８） (少年サンデーコミックス)  https://t.co/39mG23MwMd #amazon,1.3112747087474074e+18
36,2020-09-30 12:02:10,amzn_deals_us,https://t.co/SPWjLTVS2K MEROKEETY Women's Long Sleeve Cable Knit Sweater Open Front Cardigan Button Loose Outerwear #Amazon #Deal https://t.co/44X8NYdXpq,1.311275139665924e+18
37,2020-09-30 12:00:34,shinchaku,【発売日：2020/09/17】日経エンタテインメント! 乃木坂46 Special 2020【クリアファイル付き】 (日経BPムック)  https://t.co/K9puWQxGb0 #amazon,1.3112747397558682e+18
38,2020-09-30 12:00:29,shinchaku,【発売日：2020/09/12】【kindle限定オリジナルイラスト付】戦国小町苦労譚　【コミック版】　7　重鎮ヲ懐柔セヨ (アース・スターコミックス)  https://t.co/aKuL9VYa4F #amazon,1.3112747185620541e+18
39,2020-09-30 12:01:02,kaketatuki1015,高いのか安いのか…(⌒-⌒; )(F賞 エントリーグレード ＲＸ-７８-３ Ｇ-３ガンダム ソリッドクリア)一番くじ 機動戦士ガンダム ガンプラ４０周年/202... https://t.co/YNzP6QjsQA #Amazon,1.3112748541386097e+18
40,2020-09-30 12:00:19,LeOfferteOnline,"Rilevato abbassamento di prezzo da 55.04€ a 47.6€.
#Amazon #Offerta #Sconto #Promozione https://t.co/RbrnamzVOu",1.3112746732719677e+18
41,2020-09-30 12:00:24,shinchaku,【発売日：2020/09/04】SPY×FAMILY 5 (ジャンプコミックスDIGITAL)  https://t.co/gRldJe9Evl #amazon,1.311274696009306e+18
42,2020-09-30 12:00:43,TheInStockRoom,"***New Deal***
Good Cook Clear Measuring Cup ...
Reduced from $4.19 to $3.44
https://t.co/9hqUGlGVMh
#Deals #newDeals #Amazon https://t.co/0cFMUF5KmS",1.311274775571034e+18
43,2020-09-30 12:01:53,creativemm12,"👉https://t.co/XZxghEIccU #amazon👈
💯👉Auto Follower👈💯
💯👉#自動相互フォロー👈💯

#autofollower
#MLB
#Tottenham #vs #Chelsea
#Roe #v. #Wade
#TFB
#固定ツイートRT
#TeamFollowback
#followermachine
#固定RT
#RT企画
#autofollower
#拡散希望RTお願いします",1.3112750702961746e+18
44,2020-09-30 12:00:29,shinchaku,【発売日：2020/09/12】たとえばラストダンジョン前の村の少年が序盤の街で暮らすような物語 6巻 (デジタル版ガンガンコミックスONLINE)  https://t.co/p9OxouMGb4 #amazon,1.3112747159447552e+18
45,2020-09-30 12:00:36,shinchaku,【発売日：2020/09/23】SODA 2020年11月号(表紙:V6)  https://t.co/RO7FE2ZKnb #amazon,1.3112747444156867e+18
46,2020-09-30 12:00:44,MARACAS123,"In Maracas La Clase del Mundo, kids will see how much fun it is to read #Spanish! 

With many more books to come, MARACAS is sure to have something for everyone! ¿Y a ti? ¿Qué te gusta hacer?

Get the #books on #Amazon: https://t.co/w9DXfeE2Bg 

#leer #childrensbooks #earlylang https://t.co/13cE4L4YQh",1.311274780289626e+18
47,2020-09-30 12:02:31,COZDENE,"RT de @pilarescritora Para #viajar sin salir de casa #Lee 📚EL ESPEJO EGIPCIO 
¿Qué pasaría si un día al comprar un espejo tu vida se convirtiera en una pesadilla? 

👉 https://t.co/eve5XpyCOA
👉 https://t.co/6TI9YYfyy7

#KindleUnlimited #RecomiendoLeer #Amazon
#suspense https://t.co/33ObJ3JxKM",1.3112752282539008e+18
48,2020-09-30 12:02:13,deb198,Enter for a chance to #win a $50 #Amazon #giftcard and a #paperback from #USAT #bestselling #author @EvaPohler https://t.co/m1JEaKTUo9,1.311275153234559e+18
49,2020-09-30 12:02:38,OnlyGearBest,"🌟 [𝗢𝗻𝗹𝘆 𝗚𝗲𝗮𝗿𝗯𝗲𝘀𝘁] 🌟

🔊 Sboly Espiralizador de verduras con 5 cuchillas,spiralizer vegetal con contenedor, Espaguetis d #amazon

🌍 Enlace: https://t.co/Imv10aies4

Te esperamos en telegram: https://t.co/mPaN5u2fFj https://t.co/wF1WwqOrZ4",1.3112752598663455e+18
,date,screen_name,tweet,tweet_id
0,2020-09-30 11:59:23,KJSimpsonbooks,"@MLRodriguez09 Thanks for the #writerslift Check out my #YAFantasy novels or follow me on #Amazon: 

https://t.co/JRL3SFaSjN…… 

You can also find me on #Bookbub #goodreads #Facebook and #Instagram, or sign up for my newsletter at my website https://t.co/8X7qqArZge 
#readingcommunity #readers https://t.co/CZcnEpjnua",1.3112744385964646e+18
1,2020-09-30 11:56:22,laura_parise1,"Un piccolo estratto dal mio romanzo
""Sono una tifosa da gradinata""
#Amazon
#LauraParise https://t.co/vg7AZNPXDZ",1.3112736801027154e+18
2,2020-09-30 12:00:00,AlphaRepricer,"How you can get ungated to sell toys on Amazon?

https://t.co/HbCGvjfDed

#Amazon #AmazonRepricer #AlphaRepricer #OnlineSellers #amazonmarketplace #toys #entrepreneurs #FBA #USA #California #NewJersey #NewYork #Washington #Virginia #Alaska #Georgia #Texas #LosAngeles #NewYork",1.311274594691674e+18
3,2020-09-30 11:56:00,robertstanek,"Celebrating Robert Stanek's 250th book, 20 millionth reader... Visit the all-new https://t.co/PouZvRBqeX. Learn about his decades of writing, hundreds of bestselling books.

#amwriting #amblogging #epicfantasy #goodreads
#amazon #bn #play #ibooks https://t.co/fQp6JX10jv",1.3112735877105295e+18
4,2020-09-30 11:58:22,ChollosDescubre,"‍SUPER OFERTA ❗️🔸 #Amazon | #Salud
📣Scottex - Papel de Cocina Megarollo, 3 Rollos

⛔️ PVP: 4,50€ 
 ✅PRECIO OFERTA: 1,56€ 

   ⤵️ Link de compra
   🌐 https://t.co/cigp80SnTy

Visto en https://t.co/HW2VwUc9d2 https://t.co/jlunjmRvpA",1.3112741856840622e+18
5,2020-09-30 11:59:59,jagdtiger20011,"凄いぜGoPro！
焦ったぜGoPro！
GoPro9をGoPro公式ウェブサイト注文したら、発送連絡よりも先に現物が届きました!? 
ブログも更新しました～
https://t.co/5a8qTIldmW
#GoPro9　#GoPro　#GoPro公式ウェブサイト　#Amazon https://t.co/k4WJANzw6o",1.3112745900568453e+18
6,2020-09-30 11:56:02,indyurdu,"ایمازون نے اعلان کیا ہے کہ وہ ہتھیلی کو سکین  کرنے والی اپنی ٹیکنالوجی متعارف کراوئے گا، جسے صارفین ایمازون سٹورز میں استعمال کر سکیں گے۔
#amazon #technology  https://t.co/WADLmBaaMr",1.3112735954909676e+18
7,2020-09-30 12:00:06,yuki_nagase,"【犬用おでかけ】ベスト10
Floving 八角形ペット 折りたたみサークル プレイサークル ペットテント ペットハウス ペット用ケージ サークル ケージ アウトドア コンパクト 屋外 屋内 犬 メッシュサークル お出かけ用品 (L（91*91*58cm）, ブラウン(Brown))
https://t.co/rnnO0uKRDW #Amazon",1.3112746197189222e+18
8,2020-09-30 11:56:12,creativemm12,"&lt;Current Weather&gt;
New York
Temperature: 60.6°F/ Status: clouds
👉https://t.co/ixbhec2LZw #amazon👈
💯👉Auto Follower👈💯
💯👉#自動相互フォロー👈💯

#autofollower
#Yankees
#Eric #Trump
#Mac #Davis
#autofollower
#FollowBack
#followermachine
#RT企",1.3112736372745093e+18
9,2020-09-30 12:00:12,IIDEonline,"Elon Musk told us that he needs an e-commerce store that can deliver in space. 

Maybe you could build one?🤔

#workshop #learning #learnonline #ecommercebusiness #Amazon #shopifybootcamp #skills4all",1.3112746454258524e+18
10,2020-09-30 11:56:47,MaxiChollo,"‍SUPER OFERTA ❗️🔸 #Amazon | #Equipaje
📣Luggo - Juego de Maletas Capullo (Rojo) 8 Ruedas Giratorias - Cerradura TSA - 20% Más Livianas

⛔️ PVP: 102,00€ 
 ✅PRECIO OFERTA: 51,00€ 

   ⤵️ Link de compra
   🌐 https://t.co/TqoQZazc4V

Visto en https://t.co/HGTfnxg2wd https://t.co/VjWTmYOt9l",1.3112737855307448e+18
11,2020-09-30 11:58:09,AmznprimeR,"●　●　●　●　●　●
Amazon Prime Video
新着TOP5
#4位
【ランボー　ラスト・ブラッド(字幕版)】
#primevideo
#amazon
#ランボー　ラスト・ブラッド(字幕版)
 https://t.co/SMygpU7NwK",1.31127413138876e+18
12,2020-09-30 11:56:05,KJSimpsonbooks,"@KA_Raines Thanks for the #writerslift. If you like #YAFantasy check this one
Hvaldi - #CleanYA #adventure #fantasy with a #dystopian twist

https://t.co/hPgTlzGQGn…

Available on #Amazon. #Free for #KindleUnlimited subscribers. #ebook is only $2.99
#ReadingCommunity #readers https://t.co/cZw2abPzic",1.311273611492307e+18
13,2020-09-30 12:00:13,mpjgddgwpaw,"2020年9月30日21時の気になるアマゾンデバイス売り上げランキングは？

 こちら↓
 https://t.co/47s8ROHEx1 

#Amazon #アマゾン #ガジェット #ランキング #firetvstick #FireTabet #Kindle #Echo #Alexa #Echoshow",1.3112746502618317e+18
14,2020-09-30 11:56:31,rakten_kaden_,"09/30 20:56

洗濯機 5.5kg 簡易乾燥機能付 全自動洗濯機 
【楽天】21800円
【Amazon】22018円

★楽天で購入すると★
 218円 お得（お得率1％）

↓お得な情報を一覧で確認出来るサイト
https://t.co/kMQYxgL6Rh

#楽天市場 #Amazon #お得 #せどり https://t.co/nV74vSnJP8",1.3112737179225784e+18
15,2020-09-30 11:59:21,satoishiknz,"WOWOWオンデマンド、Amazon fire stickの全仏テニスがわかりにくい！！！💢💢
なんちゅー不親切なサムネイルなんや！なかなか見たいものに辿り着けない いい加減改善してくれー！#WOWOW #WOWOWオンデマンド #Amazon #firestick #全仏を見逃すなWOWOW #全仏",1.3112744302076846e+18
16,2020-09-30 11:56:52,CholloLinkES,"‍SUPER OFERTA ❗️🔸 #Amazon | #Equipaje
📣Luggo - Juego de Maletas Capullo (Rojo) 8 Ruedas Giratorias - Cerradura TSA - 20% Más Livianas

⛔️ PVP: 102,00€ 
 ✅PRECIO OFERTA: 51,00€ 

   ⤵️ Link de compra
   🌐 https://t.co/OzOTlWa1yn

Visto en https://t.co/JpQzg3pNYP https://t.co/3qAjc1qnES",1.3112738071103406e+18
17,2020-09-30 12:00:04,AlanSomoza,"¿#SciFi en #Español ? ¡El volumen 2 de la aclamada serie de #CienciaFicción #española por fin en venta!¡Descubre el monstruo #capitalista que se esconde tras la Confederación! Disfruta de los nuevos singles de Cruzados de las Estrellas en #Amazon , https://t.co/cJDwKujOJF https://t.co/l8ke1dxKdt",1.3112746131801661e+18
18,2020-09-30 11:56:15,DKent7673,DK's Kustom Gear/ Spreadshirt https://t.co/8s30opUchP #backtoschool #tshirts #school  #tees #tshirtdesign #amazon #redbubble #halloween #clothing #accessories #stationary #notebook #facemask #facecovering,1.3112736526048092e+18
19,2020-09-30 12:00:06,MrDetroitTycoon,"Those of you who listen to my music know that I'm not perfect, but I am somewhat bright.. help me push the culture forward.. buy me a book from my wish list.. every little bit counts.. https://t.co/uYx0j0WZdl #KnowledgeIsPower #Amazon #AmazonPrime",1.3112746216023245e+18
20,2020-09-30 11:58:11,mAri_mitsuta318,GODZILLA(ゴジラ)扇子 富嶽三十六景 大怪獣ノ図 8510 https://t.co/mIUKcEUAzC #Amazon,1.3112741377639834e+18
21,2020-09-30 11:58:28,CholloLinkES,"‍SUPER OFERTA ❗️🔸 #Amazon | #Salud
📣Scottex - Papel de Cocina Megarollo, 3 Rollos

⛔️ PVP: 4,50€ 
 ✅PRECIO OFERTA: 1,56€ 

   ⤵️ Link de compra
   🌐 https://t.co/AQ1p67Ei04

Visto en https://t.co/JpQzg3pNYP https://t.co/xHfnTVtsOL",1.311274208345944e+18
22,2020-09-30 11:56:01,chollosyoferta,"#Chollo #Amazon Macom Sigiller Plus   Envasadora al vacío, 160 W, color blanco

Reacondicionado: 16,38

    👇👇👇👇👇👇👇
👉 https://t.co/28anqNtsV1 https://t.co/AHGelyvufk",1.3112735921272136e+18
23,2020-09-30 12:00:02,BaratoDeVerdad,"👊 ¡#Fatality a los precios caros!

Tienes #MortalKombat11 a tiro:

🕹️ #PS4 a ¡19,90 💶! 
🕹️ #XboxOne a 26,31 💶
🕹️ #NintendoSwitch a 34,95 💶

🔸 Juego de #lucha
🌐 #NetherRealm #WarnerBrosGames
🏪 En #Amazon

 A POR ÉL 👉 https://t.co/lNtQbNNd0J https://t.co/A6xAS39kLV",1.3112746037847532e+18
24,2020-09-30 12:00:01,antilavado,"La 2da ediciòn, actualizada- de ""Asì se lava el dinero en Venezuela"" ya està a la venta en #Amazon #AlejandroRebolledo #Libro #SegundaEdicion #Venezuela https://t.co/ipXo4USSWW",1.311274599091323e+18
25,2020-09-30 11:58:26,AndroidMT,"Amazon teste le paiement sans contact via la paume de votre main
https://t.co/kzsy38ZVzB
#Amazon",1.3112742007961395e+18
26,2020-09-30 11:57:29,theonemule,"I’m pleased to announce finally that my first #novel, #ShadowOfTheDemon, is available! 

#Amazon eBook: https://t.co/GwOcmmoTAT
Amazon Print: https://t.co/DOdwvwTPnw
B&amp;N eBook: https://t.co/KqmpJz9aST",1.3112739614146847e+18
27,2020-09-30 12:00:10,KathleenHarrym1,"A Moment In Time is a wonderful collection of poetry by Jeffrey Brett.

Let your mind wander and feel the healing touch of memories take you to long-forgotten times.

🌺 https://t.co/rJ9qIsXGNq

#NewRelease #PoetryCommunity #Poems #Amazon #Paperback #Kindle #ASMSG
@NorfolkMagic79 https://t.co/2cu1X3XX5z",1.3112746391721738e+18
28,2020-09-30 12:00:04,AlanSomoza,"¿#SciFi en #Español ? ¡El volumen 2 de la aclamada serie de #CienciaFicción #española por fin en venta!¡Descubre el monstruo #capitalista que se esconde tras la Confederación! Disfruta de los nuevos singles de Cruzados de las Estrellas en #Amazon , https://t.co/cJDwKujOJF https://t.co/Usqj22WB9j",1.3112746132556145e+18
29,2020-09-30 11:59:20,satoshi_toyota,"購入するとクーポン申請してくださいメールが送られてくるので忘れずに申請してクーポン獲得しましょう

Amazon中小企業応援キャンペーン

10月12日まで対象商品1000円以上お買い上げでプライムデー当日に使える1000円クーポンが貰えます
対象商品➡️https://t.co/Tjya72YHAB 

#amazon
#プライムデー",1.3112744295449764e+18
30,2020-09-30 11:56:06,DKent7673,Dk's Kustom Gear  (T-shirts) https://t.co/nZmBTcagLP #backtoschool #tshirts #school  #tees #tshirtdesign #amazon #redbubble #halloween #clothing #accessories #stationary #notebook #facemask #facecovering,1.3112736140172698e+18
31,2020-09-30 11:58:08,AmznprimeR,"●　●　●　●　●　●
Amazon Prime Video
新着TOP5
#3位
【ソニック・ザ・ムービー (吹替版)】
#primevideo
#amazon
#ソニック・ザ・ムービー (吹替版)
 https://t.co/47VFl2EO4I",1.3112741269764547e+18
32,2020-12-01 16:15:08,AnkerOfficial,"Anker Nano has been upgraded to 20W!
The new and improved Anker Nano can now charge your new iPhone up to 3× faster.",1.3338068503078339e+18
33,2020-09-30 12:00:11,yuki_nagase,"【犬用おでかけ】ベスト10
猫 キャリーバッグ 犬 リュック 折りたたみ可 お出かけ用 マット付き 2色 (グレー)
https://t.co/yVfCdytx5H #Amazon",1.3112746419739443e+18
34,2020-09-30 12:00:01,AH0RRAC0M0NUNCA,"👊 ¡#Fatality a los precios caros!

Tienes #MortalKombat11 a tiro:

🕹️ #PS4 a ¡19,90 💶! 
🕹️ #XboxOne a 26,31 💶
🕹️ #NintendoSwitch a 34,95 💶

🔸 Juego de #lucha
🌐 #NetherRealm #WarnerBrosGames
🏪 En #Amazon

 A POR ÉL 👉 https://t.co/lkjWK5gb1w https://t.co/XAwx2V0Sx8",1.3112746012724838e+18
35,2020-09-30 11:58:17,mercari_jp50,ヤフーオークションやアマゾンで買うより安く買えます！今メルカリで招待コードCWFVZMを入れて登録してメルカリ開いたらメルペイ押してキャンペーンにあるすすメルペイの広告押してCWFVZM入れて口座または本人確認完了したら500円＋1000円必ず貰えます！#ヤフオク　#Amazon,1.311274161608614e+18
36,2020-09-30 11:56:24,DKent7673,https://t.co/GTMitS3F9i #backtoschool #tshirts #school  #tees #tshirtdesign #amazon #redbubble #halloween #clothing #accessories #stationary #notebook #facemask #facecovering,1.3112736913728266e+18
37,2020-09-30 12:00:01,yuki_nagase,"【犬用おでかけ】ベスト10
BIGWING 折りたたみ 八角形 ペットサークル プレイサークル 犬 猫 兼用 コンパクト メッシュ お出かけ用品 コーヒー L
https://t.co/8vUHGWjdbQ #Amazon",1.3112745976736113e+18
38,2020-09-30 11:58:07,AmznprimeR,"●　●　●　●　●　●
Amazon Prime Video
新着TOP5
#2位
【ミッドサマー（吹替版）】
#primevideo
#amazon
#ミッドサマー（吹替版）
 https://t.co/A9oYsusrmX",1.3112741199005286e+18
39,2020-09-30 11:58:33,MaxiChollo,"‍SUPER OFERTA ❗️🔸 #Amazon | #Salud
📣Scottex - Papel de Cocina Megarollo, 3 Rollos

⛔️ PVP: 4,50€ 
 ✅PRECIO OFERTA: 1,56€ 

   ⤵️ Link de compra
   🌐 https://t.co/M8FlRgxWu0

Visto en https://t.co/HGTfnxg2wd https://t.co/JTyLHjKYxA",1.311274228973482e+18
40,2020-09-30 12:00:01,AlphaRepricer,"Alpha Repricer is now repricing Amazon UAE.
https://t.co/7Ujpgrf70K

#Amazon #AmazonRepricer #AlphaRepricer #OnlineSellers #bestRepricer #Amazonfba #Amazonsellertool #entrepreneur #fbasellers #uae #dubai #AbuDhabi #Sharjah #Ajman #AlAin #AmazonAE #Jumeirah https://t.co/5T4HBp1Pw8",1.3112745993305743e+18
41,2020-09-30 11:59:17,XperienceDope,"Blasting Brandy - Full Moon (Soulchild Rmx)  right now on Pretty Dope Xperience Radio aka #BlackPandora

listen now and catch a wave!! https://t.co/VqKFopeoex  #nowplaying #np #RT  #NowStreaming #Streema Download Now #Alexa #GooglePlay #iOSAppStore #Amazon #",1.3112744167147807e+18
42,2020-09-30 11:58:45,tacchin1104,"Amazon で注文受付中です。
真・女神転生Ⅲ NOCTURNE HD REMASTER【限定版同梱物】リアル『月刊 妖（あやかし） 特別最終号』･新録ピアノアレンジ＋レアサント
https://t.co/7ERN6cYZpF
#アマサー #Amazon",1.3112742819558564e+18
43,2020-09-30 11:58:11,AmznprimeR,"●　●　●　●　●　●
Amazon Prime Video
新着TOP5
#5位
【第19話 ナイスゲーム！】
#primevideo
#amazon
#第19話 ナイスゲーム！
 https://t.co/jJ6E1pMlIP",1.311274136199553e+18
44,2020-09-30 11:58:05,AmznprimeR,"●　●　●　●　●　●
Amazon Prime Video
新着TOP5
#1位
【冴えない彼女の育てかた Fine】
#primevideo
#amazon
#冴えない彼女の育てかた Fine
 https://t.co/h7HK8mZc6D",1.3112741141376983e+18
45,2020-09-30 12:00:02,nessamcdubh,"¡¡Ya están aquí!! #LibrosRecomendados 
A pesar del fiasco con la campaña de crowdfunding, he logrado imprimir una pequeña tirada de ejemplares con la maquetación lo más parecida al primer libro. Y digo lo más parecida porque lo he tenido que hacer todo yo solita🤭.
#Amazon https://t.co/suHa4gf6eY",1.3112746018765169e+18
46,2020-09-30 11:59:35,kakicchysmusic6,https://t.co/MaMFRamliO: Heavy E Major... (Version 2.2): kakicchysmusic: MP3 Downloads https://t.co/g7a4EMKRgb #Amazon #Prime,1.3112744898758164e+18
47,2020-09-30 11:56:41,ChollosDescubre,"‍SUPER OFERTA ❗️🔸 #Amazon | #Equipaje
📣Luggo - Juego de Maletas Capullo (Rojo) 8 Ruedas Giratorias - Cerradura TSA - 20% Más Livianas

⛔️ PVP: 102,00€ 
 ✅PRECIO OFERTA: 51,00€ 

   ⤵️ Link de compra
   🌐 https://t.co/6OExDNmLkF

Visto en https://t.co/HW2VwUc9d2 https://t.co/xvkysWWMhO",1.3112737622188237e+18
48,2020-09-30 11:55:58,DKent7673,https://t.co/CbjjtB8xIw #backtoschool #tshirts #school  #tees #tshirtdesign #amazon #redbubble #halloween #clothing #accessories #stationary #notebook #facemask #facecovering,1.3112735802070016e+18
49,2020-09-30 11:59:00,Amazon76380486,"https://t.co/cXooRnbkdT
#ad
#Amazon",1.3112743456799867e+18
,date,screen_name,tweet,tweet_id
0,2020-09-30 11:50:43,KJSimpsonbooks,"@PFDonato Thanks for the #writerslift Check out my #YAFantasy novels or follow me on #Amazon: 

https://t.co/JRL3SFaSjN…… 

You can also find me on #Bookbub #goodreads #Facebook and #Instagram, or sign up for my newsletter at my website https://t.co/8X7qqArZge 
#readingcommunity #readers https://t.co/woM8dBlIJK",1.3112722611360686e+18
1,2020-09-30 11:53:56,KJSimpsonbooks,"@fuseboo Thanks for the #writerslift. If you like #YAFantasy check this one
Hvaldi - #CleanYA #adventure #fantasy with a #dystopian twist

https://t.co/hPgTlzGQGn…

Available on #Amazon. #Free for #KindleUnlimited subscribers. #ebook is only $2.99
#ReadingCommunity #readers https://t.co/aK5Z7F1DNP",1.3112730695210107e+18
2,2020-09-30 11:55:02,CholloLinkES,"‍SUPER OFERTA ❗️🔸 #Amazon | #Salud
📣Colgate Plax Multiprotección, Enjuague Bucal - 250 ml

 ✅PRECIO OFERTA: 0,99€ 

   ⤵️ Link de compra
   🌐 https://t.co/H0nhSgFq77

Visto en https://t.co/JpQzg3pNYP https://t.co/YI74UZkEnd",1.3112733434846003e+18
3,2020-09-30 11:55:07,MaxiChollo,"‍SUPER OFERTA ❗️🔸 #Amazon | #Salud
📣Colgate Plax Multiprotección, Enjuague Bucal - 250 ml

 ✅PRECIO OFERTA: 0,99€ 

   ⤵️ Link de compra
   🌐 https://t.co/1YS6kU2Osh

Visto en https://t.co/HGTfnxg2wd https://t.co/n5hZC26OJQ",1.3112733651188695e+18
4,2020-09-30 11:51:14,singularityblog,Leaked #Amazon data shows automated warehouses have higher #injury rates: Unrealistic productivity quotas often lead to injuries at those facilities. https://t.co/HrcTmVjFpP,1.3112723876948746e+18
5,2020-09-30 11:54:46,ChollosDescubre,"‍SUPER OFERTA ❗️🔸 #Amazon | #Salud
📣Colgate Plax Multiprotección, Enjuague Bucal - 250 ml

 ✅PRECIO OFERTA: 0,99€ 

   ⤵️ Link de compra
   🌐 https://t.co/i56mmCnsIx

Visto en https://t.co/HW2VwUc9d2 https://t.co/8zIPHZ4zwi",1.311273276950315e+18
6,2020-09-30 11:52:28,ArandaJaka,"Y de que trata?
#aprendizaje #learningfromhome #Amazon https://t.co/2Woj5NwHRu",1.3112727009717535e+18
7,2020-09-30 11:54:57,DKent7673,https://t.co/tBTY9wfd7P #backtoschool #tshirts #school  #tees #tshirtdesign #amazon #redbubble #halloween #clothing #accessories #stationary #notebook #facemask #facecovering,1.311273323377066e+18
8,2020-09-30 11:55:25,DKent7673,https://t.co/WmmoUZLINv #backtoschool #tshirts #school  #tees #tshirtdesign #amazon #redbubble #halloween #clothing #accessories #stationary #notebook #facemask #facecovering,1.3112734410903101e+18
9,2020-09-30 11:52:48,ck_cannon,"瀧田イサム様🆕アルバム「LOVE BASE」はこちら！！！！！！！！！！！！！！！！！！！！！！！！！！！！！！！！！！！！！！！！！！！！！！！！！！

https://t.co/sy7WQ1YZqF #Amazon",1.31127278388045e+18
10,2020-09-30 11:54:49,DKent7673,candygirlT https://t.co/OLlqJIFOOA #backtoschool #tshirts #school  #tees #tshirtdesign #amazon #redbubble #halloween #clothing #accessories #stationary #notebook #facemask #facecovering,1.311273290225328e+18
11,2020-09-30 11:50:23,BouncebackT,"@BouncebackT leading #Amazon (AWS) Consulting  Partner in Dubai. AWS is the Most adopted cloud platform and All  the fastest-growing startups, and leading government agencies.  

#aws #awspartner #easisms #citrix 

Call Us: +971 - 55 - 8994399
Website: https://t.co/f2PJT2br1a https://t.co/beRRXCtf3f",1.3112721766123848e+18
12,2020-09-30 11:55:03,AlanSomoza,¡El Tercer Volumen de la #novedosa #saga de #cienciaficcion ya en #preventa! ¡#Descubre los #misterios de los #asesinos del #SistemaSolar en #Amazon ! ¡Nunca has visto #guerra igual!  #España #Mexico #lectura #recomendada https://t.co/8BJ31XvGpZ https://t.co/UMCabptESs,1.3112733502836163e+18
13,2020-09-30 11:55:52,chollosyoferta,"#Chollo #Amazon FYLINA Juego de coctelera Piezas, 750 ml, Cuchara, Libro Profesional de Recetas de cócteles, Acero Inoxidable, G, 14 Pcs

Reacondicionado: 6,58

    👇👇👇👇👇👇👇
👉 https://t.co/z6JeEbCu8c https://t.co/4iHKznkpzF",1.3112735551878595e+18
14,2020-09-30 11:52:07,Tammy_Richard,#Amazon will now let you pay with your palm in its stores https://t.co/3wHGX4SPiv via @voxdotcom,1.31127261260621e+18
15,2020-09-30 11:51:54,mytechnology,NON Comprate la nuova Amazon Fire TV Stick LITE! https://t.co/YaKYjUpVLC #amazon #firetvstick #firetvsticklite,1.3112725560795218e+18
16,2020-09-30 11:54:37,DKent7673,Zazzle https://t.co/YQIOB2zoQ8 #backtoschool #tshirts #school  #tees #tshirtdesign #amazon #redbubble #halloween #clothing #accessories #stationary #notebook #facemask #facecovering,1.311273242016047e+18
17,2020-09-30 11:54:29,DKent7673,https://t.co/DDyfVzlY0I #backtoschool #tshirts #school  #tees #tshirtdesign #amazon #redbubble #halloween #clothing #accessories #stationary #notebook #facemask #facecovering,1.311273206918062e+18
18,2020-09-30 11:54:32,mepicaelchollo,"Mini amoladora eléctrica Teccpo + 114 accesorios por 24,99€ en Amazon🥺

https://t.co/7egiI31kmZ

#Amazon #herramientas #barato #chollo #chollos",1.3112732179113288e+18
19,2020-09-30 11:53:08,k_aseeri,@AmazonHelp #Amazon I think that https://t.co/1nglJkFydt don't want to give me my order . More than two months from the order placed.,1.3112728675065938e+18
20,2020-09-30 11:51:31,XperienceDope,"Blasting Dwele - I'm Cheatin  right now on Pretty Dope Xperience Radio aka #BlackPandora

listen now and catch a wave!! https://t.co/VqKFopeoex  #nowplaying #np #RT  #NowStreaming #Streema Download Now #Alexa #GooglePlay #iOSAppStore #Amazon #",1.3112724622697226e+18
21,2020-09-30 11:52:58,CholloLinkES,"‍CHOLLAZO ❗️🔸 #Amazon | #Informática
📣SAMSUNG 870 QVO 2 TB 2,5 SATA III SSD Interna (MZ-77Q2T0BW)

⛔️ PVP: 234,38€ 
 ✅PRECIO OFERTA: 162,93€ 

   ⤵️ Link de compra
   🌐 https://t.co/xD2i5I9oSA

Visto en https://t.co/JpQzg3pNYP https://t.co/azEIsq5mxh",1.311272823789441e+18
22,2020-09-30 11:55:50,murattosun341,"Hoş geldin #PrimeVideo 
#Amazon #amazonprime #PS4live https://t.co/Ki3j9tJh7k",1.311273547659178e+18
23,2020-09-30 11:51:33,Nuria_Elisabeth,"Contraportada de #SinAlientoCuentaAtrás, candidata al #premioliterario2020 en #Amazon
https://t.co/mrdC7tHXec https://t.co/hsZ0623m00",1.3112724685695672e+18
24,2020-09-30 11:54:18,newsburstita,"#ChiefRaoniMetuktire, one of the most iconic defenders of the #Amazon, condemned Brazilian President Jair #Bolsonaro on Saturday for blaming wildfires devastating the rainforest on indigenous people. #NewsBurstLive https://t.co/qSEM8LoF6V",1.311273162286551e+18
25,2020-09-30 11:51:08,jMontesEscritor,"La ribera del Sil, sería el primer lugar donde sus perseguidores los buscarían. 

EL HOMBRE ERRANTE.

Un hombre que lo dejó todo por la mujer que amaba.

#LecturaRecomendada #Amazon

EMPIEZA A LEERLA GRATIS AQUÍ: https://t.co/RxdIolIC7h https://t.co/zTcM49uwEp",1.3112723633553244e+18
26,2020-09-30 11:52:35,Amazon76380486,"https://t.co/rGoT5rrTut
#ad
#Amazon",1.3112727288513536e+18
27,2020-09-30 11:55:12,stefssite,#AI #Amazon 😂🙈🤦‍♂️ https://t.co/4Dpi3cZCtg,1.3112733861321236e+18
28,2020-09-30 11:55:06,DKent7673,https://t.co/a5a3st0wbs #backtoschool #tshirts #school  #tees #tshirtdesign #amazon #redbubble #halloween #clothing #accessories #stationary #notebook #facemask #facecovering,1.3112733628035686e+18
29,2020-09-30 11:52:27,hispachollos,"🌀 AUCARY Marco de Fotos Digital 10.1 Pulgadas LCD (1920 * 1080),Full HD Pantalla IPS Soporte para Reproductor de Video MP3/ MP4 Reloj/Calendario, Automático Encendido/Apagado con Control Remoto. #Amazon 🇪🇸

🕘 PRECIO FLASH: 40,71€

💶 ...
https://t.co/W1rczdbn44
#chollo",1.311272695972139e+18
30,2020-09-30 11:51:24,OfertacularRL,"‼️FUNKO WONDER WOMAN‼️ 👁‍🗨 #funkochollo #Amazon #Funko #Wonderwoman #Marvel #Avengers #chollo #oferta #ganga #funko #funkopop

⚫️ Pop!: Wonder Woman 1984- Wonder Woman (Gold Power Pose)

🛒: ➡️ https://t.co/wDppUWcUFZ ⬅️

🟢 https://t.co/SdTO2TTDka https://t.co/Y5f70CQpa9",1.3112724297219154e+18
31,2020-09-30 11:55:15,DKent7673,Dks Kustom Gear@Nymbl https://t.co/7BXuivxg6D #backtoschool #tshirts #school  #tees #tshirtdesign #amazon #redbubble #halloween #clothing #accessories #stationary #notebook #facemask #facecovering,1.3112733983209267e+18
32,2020-09-30 11:50:14,AgentPHL,"#Amazon has signed a lease for one of its new #grocery stores in the #NorthernLiberties neighborhood of #Philadelphia.

The online retailer has taken 40,000 SF. The project calls for a 13-story building with 382 #apartments and underground parking. https://t.co/19kRlaE2UE",1.3112721377145528e+18
33,2020-09-30 11:55:06,mundobtc,Purse seguirá facilitando compras en Amazon usando Bitcoin https://t.co/SwaWXI3I5O #Negocios #Amazon https://t.co/o3p7TrdinR,1.3112733640575017e+18
34,2020-09-30 11:54:05,TourismAcademic,Amazon Launches Virtual Tours in Challenge to Travel Brands –  via Skift #travel #travelexperience #cx #consumerexperience #dmos #destinations #destinationmarketing #dmo #amazon #amazontravel  https://t.co/sWL8sd0ndO,1.3112731044931625e+18
35,2020-09-30 11:52:52,MaxiChollo,"‍CHOLLAZO ❗️🔸 #Amazon | #Informática
📣SAMSUNG 870 QVO 2 TB 2,5 SATA III SSD Interna (MZ-77Q2T0BW)

⛔️ PVP: 234,38€ 
 ✅PRECIO OFERTA: 162,93€ 

   ⤵️ Link de compra
   🌐 https://t.co/x5dFxwkRs1

Visto en https://t.co/HGTfnxg2wd https://t.co/XMIpveiqkl",1.3112728012911206e+18
36,2020-09-30 11:52:42,ChollosDescubre,"‍CHOLLAZO ❗️🔸 #Amazon | #Informática
📣SAMSUNG 870 QVO 2 TB 2,5 SATA III SSD Interna (MZ-77Q2T0BW)

⛔️ PVP: 234,38€ 
 ✅PRECIO OFERTA: 162,93€ 

   ⤵️ Link de compra
   🌐 https://t.co/rwgMYlheiQ

Visto en https://t.co/HW2VwUtK4A https://t.co/jUOhMncQt5",1.3112727564244992e+18
37,2020-09-30 11:55:41,DKent7673,https://t.co/5qXCeAMD2m #backtoschool #tshirts #school  #tees #tshirtdesign #amazon #redbubble #halloween #clothing #accessories #stationary #notebook #facemask #facecovering,1.311273510728274e+18
38,2020-09-30 11:55:01,SOOD_OffersSale,"Travel Hanging Toiletry Bag - £6.30

Link also in Bio

#amazondeals #amazonspecials #amazon #amazonireland  #amazontravel #toiletrypouch26 #toiletrybag #travel #womenessentials #cosmeticorganizer #dealsireland #deals #specialofferofday #specialoffer #irishhealth #ireland #ukdeal https://t.co/fF21rAdg27",1.311273343086211e+18
39,2020-09-30 11:50:11,Cdashadow1,"Global all platforms
#Amazon #applemusic #iTunes 
#datpiffmixtapes #iheartradio 
#YOUTUBE 

@gme-mmm
@c da shadow
#muggamakingmaniacs 
#gme
#shadowzone @ Philadelphia, Pennsylvania https://t.co/yKDWGv7SPQ",1.3112721232776765e+18
40,2020-09-30 11:55:40,One_News_Page,Amazon Prime Day Mega Sale Dates Announced: https://t.co/mByE7dFTMq   #Amazon,1.311273502905897e+18
41,2020-09-30 11:51:30,rakten_kaden_,"09/30 20:51

洗濯機 6kg アイリスオーヤマ 全自動洗濯機 ス
【楽天】22800円
【Amazon】25980円

★楽天で購入すると★
 3180円 お得（お得率14％）

↓お得な情報を一覧で確認出来るサイト
https://t.co/kMQYxgL6Rh

#楽天市場 #Amazon #お得 #せどり https://t.co/x8vRn7QUBu",1.3112724577230193e+18
42,2020-09-30 11:51:52,basch_rosen,"Bose SoundSport Pulse wireless headphones ワイヤレスイヤホン https://t.co/wJDYjJ3FJO #Amazon
んーありか？？？",1.3112725472671416e+18
43,2020-09-30 11:55:49,DKent7673,DK's Kustom Gear / RageOn https://t.co/zd6Y2rZZvl #backtoschool #tshirts #school  #tees #tshirtdesign #amazon #redbubble #halloween #clothing #accessories #stationary #notebook #facemask #facecovering,1.3112735426091786e+18
44,2020-09-30 11:50:15,chanko_brother,"BOSS Guitar Effects Processor GT-001 https://t.co/5WAafTpf2U #Amazon

誕生日に誰か買ってください",1.3112721423784673e+18
45,2020-09-30 11:55:34,DKent7673,REDBUBBLE https://t.co/DpNOmIqVh2 #backtoschool #tshirts #school  #tees #tshirtdesign #amazon #redbubble #halloween #clothing #accessories #stationary #notebook #facemask #facecovering,1.3112734795267768e+18
46,2020-09-30 11:55:16,XperienceDope,"Blasting Kehlani - Open right now on Pretty Dope Xperience Radio aka #BlackPandora

listen now and catch a wave!! https://t.co/VqKFopeoex  #nowplaying #np #RT  #NowStreaming #Streema Download Now #Alexa #GooglePlay #iOSAppStore #Amazon #",1.3112734055016284e+18
47,2020-09-30 11:55:01,BellaVix_Amazon,"Amazon is leading across the  Asia-Pacific (APAC) region overall. The $9 billion in revenue in Q2 represents less than a third of the more than $30 billion generated in the worldwide market in the quarter.

https://t.co/5CJN9jry1y
#amazon #sellercentral #amazonseller #ecommerce",1.3112733394203197e+18
48,2020-09-30 11:54:43,Proteus_Cyber,"The Securities Exchange Commission have charged a former #Amazon Finance Manager and 2 family members with $1.4mn #InsiderTrading.  Allegedly the former employee passed confidential earnings information to her family members, who then traded on it.  
https://t.co/4xd3sp98zs",1.3112732666784645e+18
49,2020-09-30 11:55:18,Ready4LifeNow,@IKEAUSA Do you see this price?!This is not ok. Please restock. #Amazon https://t.co/wKa2Aaq86H,1.3112734120950784e+18
,date,screen_name,tweet,tweet_id
0,2020-09-30 11:43:10,Inno_Trends,AmazonWorld Convention 2020 – Sonderkonditionen für Hybrid-Event am 13.+14.10. https://t.co/0PCySeCDEU #OnlineMarketing #Cloud #Analytics #eCommerce #SEO #Logistik #Amazon #Digitalisierung #München #ElektronischerMarktplatz #Marketing #eBusiness,1.3112703589731123e+18
1,2020-09-30 11:42:38,AlfonsoTax2,#Amazon conquisterà il Mondo. Detto e ridetto anni fa... https://t.co/nbbv6XVgAa,1.3112702250363494e+18
2,2020-09-30 11:47:38,chris_vallade,"Découvrez tous les produits #TheMandalorian, y compris les nouveautés en pré-commande, dans la boutique dédiée sur #Amazon 
➡️ https://t.co/juOObwk3X6 https://t.co/q33ZWLSxSh",1.3112714817379164e+18
3,2020-09-30 11:48:23,seurin_patrice,"Avec #One, #Amazon propose de #payer avec la #paume de la main https://t.co/mG326vGOpc",1.3112716704187556e+18
4,2020-09-30 11:42:06,Merval_News,"Amazon esquiva a la Argentina otra vez: inaugura centro de servicios en la nube en otro país latinoamericano! #Amazon #WallStreet #inversion Leelo en: https://t.co/R2K1QnnPpj (""Noticias de Hoy"") https://t.co/wr4zFMkCVA",1.311270092634837e+18
5,2020-09-30 11:49:05,chollosyoferta,"#Chollo #Amazon 62% DESCUENTO Hauck Dreamer Minicuna con funcion mecedora, c

Precio original: 133,09
Precio oferta: 119,99
Reacondicionado: 49,7

    👇👇👇👇👇👇👇
👉 https://t.co/4E8ULsl9W9 https://t.co/xJAK69jlPG",1.3112718492638618e+18
6,2020-09-30 11:45:32,graduadosociala,"Cnmc: #Amazon debe cumplir con la misma normativa que #Seur o #MRW

https://t.co/NDOHxCny1L",1.3112709527732593e+18
7,2020-09-30 11:45:00,Autores_noveles,"Estas son algunas de las novelas más vendidas del escritor Antonio Orozco Guerrero (@AOrozcoGuerrero), pero tiene muchas más. Ninguna te dejará indiferente. 

Échales un vistazo
➡ https://t.co/8sO4mHugvV

#Libros 
#Leer 
#Amazon
#KindleUnlimited 
#librosqueenganchan https://t.co/jr6MP2PmuF",1.3112708194908652e+18
8,2020-09-30 11:44:24,jlowewins,#Win an #Amazon Gift Card in our #Twitch #Games #Giveaway via @sffbookbonanza: https://t.co/k3osQX1RKe,1.311270671536849e+18
9,2020-09-30 11:42:20,hispachollos,"🌀 Temporizador de cocina, HOMMINI Count up/down Gran pantalla LED Electrónica Temporizador de memoria. #Amazon 🇪🇸

🕘 PRECIO FLASH: 12,79€

💶 Precio oferta: 15,99€ 💥

💳 Enlace: https://t.co/4r878MwXSI

✨ 30 días gratis de Amazon Music ...
https://t.co/4eQpweIprA
#chollo",1.3112701476514038e+18
10,2020-09-30 11:46:00,Haidji,Watch  this #bookquote #challenge on #tiktok - Click on  https://t.co/0nZepE0ZQS  #quoteoftheday  #books #quotes #bookquotechallenge  #tiktokquotes #Haidji #booklover #bookstagram #dailyquote #booktok #amazon #quote #reading #read #booklove #BookBoost  #tiktokchallenge #book,1.311271071253893e+18
11,2020-09-30 11:45:44,theinsidexpress,"Amazon now lets you pay for your shopping by scanning your PALM in stores
#news #amazon #breaking_news #lets #news #palm #pay #scanning #shopping #...
https://t.co/3tK6hM9D5Y",1.3112710033356472e+18
12,2020-09-30 11:42:33,SJ_Chapman,@littlemissileo @BowelResearch 😂 #covid &amp; #amazon - recipe for disaster.,1.3112702041236152e+18
13,2020-09-30 11:47:15,Bestproduct102,"For amazing online products 🤑😍 at wholesale prices and Free COD in all over India 😊🤝🎁 ,no extra charges, join our telegram group 😊🤝👇🏻
https://t.co/atvdfv34vW

#Ayodhya #Amazon #Online #shopping #fashionista #Instagram #Twitter #India",1.311271386074284e+18
14,2020-09-30 11:42:42,brighoff1,"Last Chance! Would you like to win a $50 Amazon Gift Card or PayPal Deposit? Check out this easy entry Gleam giveaway for a chance to #WIN

Open Worldwide

@GooseGiveaways #wingiftcard #wincash #amazon #paypal #winmoney #sweepstakes #giveaways https://t.co/Ct7AWQPuQ5",1.3112702437260616e+18
15,2020-09-30 11:44:08,portcider,"億を稼ぐ積み上げ力 https://t.co/9MOXMqs9Cd #Amazon

「この本が、父への恩返しになれば・・・そう思っています」
冒頭から感動するじゃないか。",1.3112706041300664e+18
16,2020-09-30 11:46:30,JoeVizanko,"FREEFORMED HYBRIDS

~A science fiction conspiracy thriller on the origins of humankind~

@JoeVizanko

https://t.co/yKuL6P3gvK
(Free)

Amazon-&gt; https://t.co/abuTybguPd

#IAN1 #IARTG #smashwords #RT #Kindle #ebook #scifi #spaceopera #free #sciencefiction #bookboost #amazon",1.311271199150715e+18
17,2020-09-30 11:47:36,MenudoPaquete,"🌟 [𝗠𝗲𝗻𝘂𝗱𝗼 𝗣𝗮𝗾𝘂𝗲𝘁𝗲] 🌟

🔊 InnovaGoods Vaporera Doble para Microondas Fresh, Verde, 22 x 12/17 cm #amazon

🌍 Enlace: https://t.co/Z0xzyExoqV

Te esperamos en telegram: https://t.co/IbEojfZpa4 https://t.co/pE2lV2vf8Q",1.3112714753205862e+18
18,2020-09-30 11:42:32,CoolDealCA,"💲💰
LG 24"" 1080p LED Monitor
Reduced from $130 to $100

# #Deals #new #Deals #savings #Amazon  #Deal #ganga

 https://t.co/iz6sfVQB0k https://t.co/OTKNgxjAEz",1.311270200055128e+18
19,2020-09-30 11:46:02,OffersDonut,"Love #Amazon ? Now you can get it for #business too. Sign up and create a free account now. https://t.co/3J6S6C790F
#Businessoffer
#SMEUK https://t.co/cX1HlFCuKB",1.311271080376533e+18
20,2020-09-30 11:47:27,Nuria_Elisabeth,"☑️ Puedes adquirir #SinAlientoCuentaAtrás, candidata al #PremioLiterario2020 en #Amazon mediante este enlace🔽
https://t.co/mrdC7tHXec 
Descubre un #thriller diferente que no te dejará indiferente, donde las voces de las víctimas no son acalladas.Vive la #aventura y el #misterio",1.311271435453821e+18
21,2020-09-30 11:47:35,reinadellowcost,"🌟 [𝗟𝗮 𝗿𝗲𝗶𝗻𝗮 𝗱𝗲𝗹 𝗟𝗼𝘄𝗰𝗼𝘀𝘁] 🌟

🔊 InnovaGoods Vaporera Doble para Microondas Fresh, Verde, 22 x 12/17 cm #amazon

🌍 Enlace: https://t.co/gEnvA2EBSH

Te esperamos en telegram: https://t.co/Jxndx9pJCJ https://t.co/0t27GFgm1X",1.3112714711893074e+18
22,2020-09-30 11:45:03,app_xndr,"GTA IV Cheats app for #kindle #Fire and #FireHD https://t.co/cOuOdThNxK #Amazon . September 30, 2020 at 12:45PM",1.3112708333824492e+18
23,2020-09-30 11:44:18,LegendandLore,"Ostentatious, arrogant, seductive; all these words describe the organisation known as LORE. If you have ever glimpsed a cryptid or been chilled by the midnight cry of the Banshee, it is because THEY allowed you to. #kindle #KindleUnlimited #horror #fantasy #Amazon #indieauthors https://t.co/NR9nqCzu5c",1.3112706432881582e+18
24,2020-09-30 11:47:34,OnlyGearBest,"🌟 [𝗢𝗻𝗹𝘆 𝗚𝗲𝗮𝗿𝗯𝗲𝘀𝘁] 🌟

🔊 InnovaGoods Vaporera Doble para Microondas Fresh, Verde, 22 x 12/17 cm #amazon

🌍 Enlace: https://t.co/nShRXzisDb

Te esperamos en telegram: https://t.co/mPaN5u2fFj https://t.co/bgmRhmuPD6",1.3112714671334154e+18
25,2020-09-30 11:47:51,Gilmonster3,Love Speculative Fiction? #Win a $100 #Amazon #GiftCard in this #Facebook &amp; #Twitter #Giveaway via @sffbookbonanza: https://t.co/7m8Ny3enoU,1.3112715396151132e+18
26,2020-09-30 11:48:02,SeeCoupons,[44% OFF] ONEBOM Cocktail Shaker Stainless Steel Rustproof Durable Martini Shaker https://t.co/R17bYruiUQ #amazon #amazondeals #deals,1.311271582665511e+18
27,2020-09-30 11:43:18,Ashtonlee2333,Help me win #amazon gift card from @AuthorDebMason at @FreshFiction https://t.co/8Ot7yTJ9pa,1.3112703930937836e+18
28,2020-09-30 11:50:03,BookTweepz,"Love powerful, #books, true gripping page turners!
Visit 👉👉 https://t.co/I8wjOjFULK!
Find a book you'll love!
#booklovers #bookreaders #Amazon #goodbooks #africanamerican #women #inspiration #indiebooks #indiereaders #africanamericanbooks #inspirational #Kindle #Nook https://t.co/l2iIqiXKH6",1.3112720915016376e+18
29,2020-09-30 11:43:30,bootsgridtech,"PRIME ECOMMERCE MULTIVENDOR SCRIPT!!!!!!! Get fully functioning #ecommerce solution to enhance your business online with smart features.

Get it now:
https://t.co/orFB45KGfd

#ecommerce #ecommercebusiness #multivendor #OnlineShop #onlinestore #vendors #shoppers #amazon #flipkart https://t.co/0Tfay4OwWZ",1.311270444087931e+18
30,2020-09-30 11:44:19,nivagcrockery,"looking for #replacement #crockery no need to look on #ebay #etsy #amazon we sell various #designs and makes #worldwide #supportsmallbusiness 
https://t.co/lrfkHQ7rKK https://t.co/SS6FPOXIAf",1.3112706477592822e+18
31,2020-12-04 16:50:25,ProcterGamble,"Everyone has the power to do SOMETHING. Tune in at 7 p.m. Dec. 10 to #TriState Strong: Getting to Zero to be inspired by how your neighbors &amp; familiar faces from health care, media and business have pulled together #TriStateStrong #GettingToZero",1.3349028910736097e+18
32,2020-09-30 11:44:01,Libreinfo,": #Amazon rolling out contactless device, #Amazon One, at Seattle Go stores https://t.co/YTe2Gpvx47 https://t.co/yzktHfXWFF",1.3112705740820685e+18
33,2020-09-30 11:46:22,tonikaku_matome,"【プライムデー】Amazonプライム会員 年に一度のビッグセール【10/13(火)～14(水)】

クーポン配布の先行キャンペーン実施中

https://t.co/EkAiEMGGxR

プライムデーの開催内容ごと内訳をまとめ

#Amazon #プライムデー #お得情報 #激安速報",1.3112711656843756e+18
34,2020-09-30 11:46:30,rakten_kaden_,"09/30 20:46

【送料無料】 パナソニック ヘアードライヤー ナノ
【楽天】14100円
【Amazon】14300円

★楽天で購入すると★
 200円 お得（お得率1％）

↓お得な情報を一覧で確認出来るサイト
https://t.co/kMQYxgL6Rh

#楽天市場 #Amazon #お得 #せどり https://t.co/zBUigARhrr",1.3112711977078866e+18
35,2020-09-30 11:42:26,TheInStockRoom,"***New Deal***
LG 24"" 1080p LED Monitor
Reduced from $130 to $100
https://t.co/jwHE4iTsW7
#Deals #newDeals #savings #Amazon https://t.co/wxuSXePgaj",1.3112701763992658e+18
36,2020-09-30 11:46:20,Donaldverger,LOVE - Rain Sea Glass Heart Poster Print. 11x14. Best Quality Gifts ... https://t.co/HzhkQQS18R #Amazon,1.311271155848876e+18
37,2020-09-30 11:48:49,creativemm12,"#ビオレu の ビオレu 泡ハンドソープ つめかえ用 800ml
https://t.co/7rIhW7OuWM
#500ADay
#buyandship
#amazon
#Eric #Trump
#Rebekah #Vardy
#陳淑莊",1.3112717806700052e+18
38,2020-09-30 11:46:00,robertstanek,"We're celebrating William Robert Stanek... Join us! Get reading....

40 years of writing
35 years of books
25 years of publishing

#bannedbooksweek #darngoodreads #freedomtoread #amwriting #amblogging
#amazon #goodreads #bnscifi #libraryresources #business https://t.co/WENMziXO2c",1.311271071224664e+18
39,2020-09-30 11:49:23,83Kindy,"Chez #Amazon, on peut désormais payer avec la paume de la main https://t.co/qt4PCBoRCx",1.3112719248493117e+18
40,2020-09-30 11:46:30,Donaldverger,Love - Rare Blues &amp; Aqua Sea Glass Heart Poster Print. 11x14 Great f... https://t.co/qDJxg9RNSo #Amazon,1.3112711981359022e+18
41,2020-09-30 11:42:30,Donaldverger,Elegant Sea Glass Fine Art Note Cards. 3.5x5 Set of 10 Blank Folded ... https://t.co/aENnFM73tW #Amazon,1.3112701901984604e+18
42,2020-09-30 11:49:48,manechance,"We have an #Amazon #WishList! 
Please have a look at our list - there are items starting at just £2, but please know that all purchases will be equally appreciated by our #horses, #humans, #hounds and #hens!
https://t.co/vKrbnj0sFS #animalcharity #manechance https://t.co/GL1f9AXlWE",1.3112720281257615e+18
43,2020-09-30 11:42:19,2ggame,Nikon マルチパワーバッテリーパック MB-D15 https://t.co/WMwFgEOR96 #Amazon,1.3112701437044818e+18
44,2020-09-30 11:50:03,veronicalee05,Love Speculative Fiction? #Win a $100 #Amazon #GiftCard in this #Facebook &amp; #Twitter #Giveaway via @sffbookbonanza: https://t.co/nlZL1RsyhA,1.3112720895931105e+18
45,2020-09-30 11:46:11,kwinews1,"Shooting breaks out at Amazon fulfillment center in Florida, killing 1 https://t.co/SJdIKsvout via @@kwinews1 

#Amazon 
#AmazonfulfillmentCenter
#Florida 
#AmazonShooting
#FloridaShooting",1.31127111741653e+18
46,2020-09-30 11:49:48,chollosyoferta,"#Chollo #Amazon 54% DESCUENTO Magefesa MGF4370 Horno microondas MAG20 Magefesa 4370

Precio oferta: 104,41
Reacondicionado: 47,15

    👇👇👇👇👇👇👇
👉 https://t.co/drMWaYSGMJ https://t.co/tQ6R2CpRFf",1.3112720273833083e+18
47,2020-09-30 11:49:11,Charlie_Cawood,"Dario G - Sunchyme (Radio Edit) #bigtimeradio https://t.co/N76xPoatRr @Charlie_Cawood @BigTimeRadio1 @bigtime_news
 on #Amazon Echo &amp; App https://t.co/c7cZfm4MQo  #Top40 #Music 247 #Worldwide 3 #Radio #Stations 43 #Countries #Interviews #Billboard https://t.co/JiPHr6jZyC  #SUBMI",1.3112718723367158e+18
48,2020-09-30 11:48:16,sakuacid,"LUCKY　ポータブルゲーム機　贈物10000種ゲーム　5.1インチ大画面　アーケードゲーム　多機能　（赤青） https://t.co/BFFOsxK500 #Amazon

こんなの売っていいんか",1.311271641788285e+18
49,2020-09-30 11:46:41,XperienceDope,"Blasting Lucky Daye - Roll Some Mo  right now on Pretty Dope Xperience Radio aka #BlackPandora

listen now and catch a wave!! https://t.co/VqKFopeoex  #nowplaying #np #RT  #NowStreaming #Streema Download Now #Alexa #GooglePlay #iOSAppStore #Amazon #",1.311271243983749e+18
,date,screen_name,tweet,tweet_id
0,2020-09-30 11:39:29,ganzifero,@merlinrecargado I only asked for a box of cans: #Amazon is really exaggerating ...,1.3112694309833728e+18
1,2020-09-30 11:36:29,rakten_kaden_,"09/30 20:36

【納期約3週間】★★東芝　RC-10VSP（K）　
【楽天】34443円
【Amazon】42570円

★楽天で購入すると★
 8127円 お得（お得率24％）

↓お得な情報を一覧で確認出来るサイト
https://t.co/kMQYxgL6Rh

#楽天市場 #Amazon #お得 #せどり https://t.co/dsZs8XCJFP",1.311268678155944e+18
2,2020-09-30 11:35:13,OfertacularRL,"‼️MINI PRECIO‼️ 👁‍🗨 #Ofertacular #Amazon #chollo #oferta #ganga

⚫️ Soporte para Bolsas De Basura InnovaGoods

🛒: ➡️ https://t.co/jMMyhkDz0Z ⬅️ https://t.co/LOeSWZJJQ4",1.3112683594980762e+18
3,2020-09-30 11:36:57,dokape,"Lebensgefährlich. 
Schlecht verpackt. Stromleitung direkt am scharfkantigen vorbeigeführt. Die Transportstöße haben das Kabel bis auf die Adern aufgeschnitten. 
#stehlampe #amazon #rücksendung #einfach #ersatz https://t.co/FXM4yikSsX",1.3112687953743421e+18
4,2020-09-30 11:38:37,ensonn,"Aktuell macht @amazonDE Logistics einen deutlich besseren Job als @DHLPaket . Die Boten kommen in das 3. OG, wenn man öffnet - die DHL-Boten sparen sich den Weg. Sind sie womöglich überlastet, oder ist es mangelnde Motivation? #FairerLohn #Lohndumping #Kundenservice #DHL #Amazon",1.31126921532058e+18
5,2020-09-30 11:35:09,CoolDealCA,"Best Selling L-Shape Desk back for $99.87!! 🔥 

#freebies #deals #deal #moneysaver #greatdeal #steals #discount #sale #bargain #bargainhunter #cheap #bestprice #Amazon  #Deals #giveaway #Deal #ganga

 https://t.co/39CYWOKHfk https://t.co/SYb1Njjpeh",1.3112683419532452e+18
6,2020-09-30 11:38:10,fielding_fenn,I'm in the running to win $25 PayPal cash or a $25 Amazon giftcard! #giveaway #win #sweepstakes #amazon #paypal #giftcard #contest https://t.co/XrHf0WUUdn,1.3112690996038533e+18
7,2020-09-30 11:38:45,sarasa_shiori,"今日はイイ仕事したので、ご褒美にポチッてしまった♪
書き込み少ないのに雰囲気が伝わるから不思議😳 
Essential Tarot https://t.co/NYtJQRPwx7 #Amazon",1.311269247377531e+18
8,2020-09-30 11:36:08,Livetradingnews,#Amazon (NASDAQ:AMZN) #HEFFX Technical Outlook: $AMZN #Amazon #OnlineShopping #USA #Nasdaq… https://t.co/JLDNYqyJSj,1.3112685908851425e+18
9,2020-09-30 11:35:54,Luisaguilar_es,¡El libro de #Hábitossaludables va lanzao! Ya está el 37 en los más vendidos de Bienestar y vida sana en #Amazon https://t.co/Ykx6oYIR6v,1.311268530537599e+18
10,2020-09-30 11:40:36,hispachollos,"🌀 SAMSUNG 870 QVO 2 TB 2,5'' SATA III SSD Interna (MZ-77Q2T0BW). #Amazon 🇪🇸

💶 Precio oferta: 162,93€ 💥 (PVP normal: 234,38€)

♻️ Reacondicionado: 200,89€

💳 Enlace: https://t.co/UfugYu0TSZ

✨ 30 días gratis de Amazon Music Unlimited ...
https://t.co/Um9MqdTdM6
#chollo",1.311269711225684e+18
11,2020-09-30 11:38:05,RoMemoria,#Librosqueleer MEMORIA DEL PARAÍSO. El despertar a la vida: Una emocionante #sinfonía coral sobre un paisaje gris de #posguerra. En #Amazon #Papel: https://t.co/hw7QMvQeza  #Kindle: https://t.co/yuGc7wF8dp https://t.co/RiWZzam4GV,1.311269078984659e+18
12,2020-09-30 11:37:48,y_fujinaga,失恋後、険悪だった幼なじみが砂糖菓子みたいに甘い　~ビターのちシュガー~ 読み終わり。死って重いなって思います。ある意味ぜったいに勝てない相手。でも幼なじみっていうのもある意味最強。距離を置くのも納得だし落ち込んでたら助けたくなる。いい話ですね！https://t.co/UkDjCL6Ejy #Amazon,1.3112690078953226e+18
13,2020-09-30 11:40:04,MagdaDJG,"AUTORES INDIE A.B 
LA ODISEA DE WOLFAN,
de Manuel Torres 
@torres_escritor

Dig. #amazon : https://t.co/BPuyq8YrvV   
Papel #amazon : https://t.co/kYlBY4BWqx   
#FANTASIA_X  #leerautoresindie #libros 
#LecturaObligada 
@MagdaDJG

@ADVANCEBOOKS777

@JARios_autor https://t.co/Wfco4hy3tG",1.3112695810429952e+18
14,2020-09-30 11:37:43,amazonIN,"Get everything you need for your Navratri celebration at our one stop store, from the comfort of your home.
https://t.co/88KkHIxr5g

#Navratri #Navratri2020 #Shopping #DurgaPuja #Amazon https://t.co/3ABosB9JjY",1.3112689889915822e+18
15,2020-09-30 11:35:29,Healtha33037085,"#amazon #earphone #boatrockerz255

1 year warranty from the date of purchase

boAt Rockerz 255 while being lightweight in design pumps out your favourite tunes with powerful HD sound and deep boosted bass

Powered by Qualcomm QCC3003 chipset it offers
https://t.co/qejg44oZ4T",1.3112684234820526e+18
16,2020-09-30 11:40:46,chollosyoferta,"#Chollo #Amazon 51% DESCUENTO Black+Decker NKBN304BND309 Compresor de Aire, 230 V

Precio oferta: 149,0
Reacondicionado: 71,54

    👇👇👇👇👇👇👇
👉 https://t.co/GUXgxgph4i https://t.co/JBUjwM2Mmb",1.3112697566752072e+18
17,2020-09-30 11:35:48,kana_ogawa,"【事務用品】ベスト10
アイリスプラザ デスクワゴン キャスター付き ブラック 幅約32.5×奥行約36.5×高さ約59㎝ DDC-060
https://t.co/4HDPKtzdls #Amazon",1.3112685031695442e+18
18,2020-09-30 11:39:44,Blogging__Guide,"Bookshop Review for Bloggers - Blogging Guide
https://t.co/6MSEbd7faz
#bookshop #medium #substack #writer #bookstore #review #website #platform #amazon #new",1.311269495005229e+18
19,2020-09-30 11:38:00,mokanosuke11,"新型コロナウイルスだからお家で読書
 
子育てベスト100
「新常識×子どもに一番大事なこと」が1冊で全部丸わかり
Amazonベストセラー1位

#新型 #コロナウイルス #感染 #消毒 #厚生労働省 #自宅待機 #非常事態宣言 #読書 #本  #Amazon #アマゾン #育児 #子育て  https://t.co/nuqFas03xh",1.3112690577236582e+18
20,2020-09-30 11:37:01,coruiancom,"Risk Almayın Televizyonunuzu Güvene Alın!

#tvekrankoruyucu #tvkoruma #televizyon #koruyucu #tv #ekran #kırılma #yerliüretim #türkiye #tvmodelleri #gittigidiyor #amazon #hepsiburada #n11com #samsung #lg #carsamba #ekrancamı #website #onlinealisveris #hizlikargo #istanbul https://t.co/lZRW4pyi4G",1.3112688112665518e+18
21,2020-09-30 11:36:46,kimura_books,大人のための寓話。 'ミミズクと夜の王 (https://t.co/Yl5LTgE6WC)' #books #amazon,1.311268748200878e+18
22,2020-09-30 11:38:24,AkhilanTech,"What are Refurbished Phones?
#amazon #refurbished #AmazonQuiz #AmazonDeals #flipkartfraud @Flipkart @amazon @PrimeVideoIN @2GUD #2gud #akhilantech #India @MKBHD @rsprasad @narendramodi @JeffBezos @Apple @SaikrishnaTechy @telugutechtv
https://t.co/QsY8XZ2jy4 https://t.co/no85jKVDOW",1.3112691596913828e+18
23,2020-09-30 11:36:08,jlowewins,Love Fantasy &amp; SciFi? #Win a $100 #Amazon #GiftCard in this month's mega #BookBub #Giveaway via @sffbookbonanza: https://t.co/8SJBXePISL,1.3112685888467476e+18
24,2020-09-30 11:36:17,RoyHampton,"https://t.co/lhh5SUjpD8
As it is it is not much by Roy Hampton 
#Folk #Blues #Jazz #Country 
Album  - Day After Day After Day 
Listen on #iTunes #Spotify #Amazon #Deezer #YouTube #Tidal",1.3112686258951004e+18
25,2020-09-30 11:35:21,kana_ogawa,"【事務用品】ベスト10
ナカバヤシ 印面回転式スタンプ 完了バン STN-603
https://t.co/eGvb7BDH2D #Amazon",1.3112683938031124e+18
26,2020-09-30 11:35:01,kana_ogawa,"【事務用品】ベスト10
本立て デスク上置き棚 卓上収納ボックス オフェス収納 40*31*25cm 卓上収納ケース ペン立て 小物入れ 仕切り デスク収納ラック 事務用品 卓上収納
https://t.co/ItJ9U2BAfR #Amazon",1.3112683061127905e+18
27,2020-09-30 11:35:32,kana_ogawa,"【事務用品】ベスト10
コピー用紙 A4 ホワイトコピー用紙 高白色 紙厚0.09mm 2500枚(500×5)
https://t.co/pHh9dxHViL #Amazon",1.3112684376335933e+18
28,2020-09-30 11:36:47,Healtha33037085,"#amazon #camera #sonyzv1
ZV 1 Vlog camera bundled with 1 unit Bluetooth Shooting grip, 1 additional unit Rechargeable battery and 1 unit SD Card.

20.1 MP stacked back illuminated 1"" Exmor RS CMOS sensor / DRAM, Large aperture 24-70mm 1 F1.8-2.8 ZEISS 
https://t.co/djUXjhtIal",1.311268754437755e+18
29,2020-09-30 11:35:38,GlenGilmore,"REPORT: #Amazon warehouse injuries rising for years

• injury rates have climbed every year from 2016 to 2019, that robotic warehouses on average clock more injuries than non-robotic ones

https://t.co/VfLGwQoeXy @sai #Automation #Robotics #Robots #IoT #IIoT #AI #FutureOfWork￼ https://t.co/LqFfLiFT7F",1.3112684635461673e+18
30,2020-09-30 11:35:10,Truth80293962,"Top 5 Expensive stuff on amazon

Read here:
https://t.co/5r06kVoFpD

#Amazon #interest #fun #Shocking https://t.co/KBPf4z2bC3",1.3112683440502497e+18
31,2020-09-30 11:35:21,svnkrmr,"Ende 2019 tauchte ein Patent von #Amazon für eine Handflächenerkennungstechnologie auf - jetzt kommt es in die #AmazonGo Geschäfte und soll in Zukunft auch Dritten zur Verfügung gestellt werden.

Video: https://t.co/WZdhZt876N

#Handel #Retail https://t.co/UIDYua5xEI https://t.co/DKiHwSBuX9",1.311268391165014e+18
32,2020-09-30 11:39:45,dokape,"Transportschaden. Die neue #Garderobe hat den #Transport nicht überlebt. #brett #gebrochen #abgerissen #amazon #rücksendung #einfach 
Liderlicher Karton. Keine Polsterung. https://t.co/hNeF7nFqRW",1.3112694973204152e+18
33,2020-09-30 11:36:51,yasswee,"日本経済新聞の連載が良かったので大和田俊之さんの著作を調べたら、数年前に猫町倶楽部の藝術部で課題本になった本だった。とても勉強になった記憶がある。
→「アメリカ音楽史 ミンストレル・ショウ、ブルースからヒップホップまで (講談社選書メチエ)」 https://t.co/RHGp1sJ7kF #Amazon",1.3112687688661647e+18
34,2020-09-30 11:40:13,perryP_kirari,"濱文様 和たおるフェイス キウイ https://t.co/Gw6qfw2zj7 #Amazon
これかわいくない！！？キウイ柄🥝",1.3112696155870904e+18
35,2020-09-30 11:37:11,creativemm12,"👉https://t.co/JgnCG1jdtS #amazon👈
💯👉Auto Follower👈💯
💯👉#自動相互フォロー👈💯

#TFW
#Yankees
#Tottenham #vs #Chelsea
#Mac #Davis
#FollowNGain
#FollowBack
#TeamFollowBack
#相互RT
#autofollower
#1000ADay
#bts
#seventeen",1.3112688535869522e+18
36,2020-09-30 11:35:21,OfertacularRL,"‼️MESSI‼️ 👁‍🗨 #cholloshot #Amazon #chollo #oferta #ganga

⚫️ T MINIS T Mini Leo Messi (IMEX FCB10TMINI)

🛒: ➡️ https://t.co/QkkVFdBIgq ⬅️

🟢 https://t.co/SdTO2TTDka https://t.co/CGz42tOqJw",1.3112683925995397e+18
37,2020-09-30 11:40:04,ADVANCEBOOKS777,"AUTORES INDIE A.B 
LA ODISEA DE WOLFAN,
de Manuel Torres 
@torres_escritor

Dig. #amazon : https://t.co/1S53vAHQTB   
Papel #amazon : https://t.co/dl0pq11fFX   
#FANTASIA_X  #leerautoresindie #libros 
#LecturaObligada 
@MagdaDJG

@ADVANCEBOOKS777

@JARios_autor https://t.co/1p8Mw2XbWr",1.3112695806025933e+18
38,2020-09-30 11:35:00,mokanosuke11,"新型コロナウイルスお家でAmazonプライムビデオを見よう 
 
THE GUILTY／ギルティ

#北海道 #道内 #都内 #厚生労働省 #感染 #消毒 #新型 #コロナウイルス #非常事態宣言 #ステイホーム #Amazon #アマゾン #Amazonプライム #洋画 #THEGUILTY #ギルティ https://t.co/O0ul73KJYw",1.3112683030718996e+18
39,2020-09-30 11:40:30,nezumin_chan,"料理の先生として、友人出演。早く日本でもサービス始まらないかなぁ。

https://t.co/pGJugKEu3w

#amazon #Explore",1.3112696880898294e+18
40,2020-09-30 11:40:04,JARios_autor,"AUTORES INDIE A.B 
LA ODISEA DE WOLFAN,
de Manuel Torres 
@torres_escritor

Dig. #amazon : https://t.co/rkDchpKQtJ   
Papel #amazon : https://t.co/HKjLfvBbN1   
#FANTASIA_X  #leerautoresindie #libros 
#LecturaObligada 
@MagdaDJG

@ADVANCEBOOKS777

@JARios_autor https://t.co/UYJfkIWwCp",1.3112695805227827e+18
41,2020-09-30 11:39:26,pastortaiwoodub,"In this life-changing novel #lifegoeson you will realise that God is fully committed to your success, and suicide is not the right solution, it should not even be an option.

#novel by #PastorTaiwoIredeleOdubiyi
In bookstores
#ebooks available on #amazon #kindle and #okadabooks https://t.co/wVRF4k9BXO",1.3112694183206994e+18
42,2020-09-30 11:35:17,GratisCasi,"⁠ MINI PRECIO #Amazon

Soporte para Bolsas De Basura InnovaGoods

AHORA 4.54€
Envío gratuito

: https://t.co/ANijWc8Gvs

Más chollos en OFERTACULAR
https://t.co/1aLHIgE0D3 https://t.co/I7SUplKjON",1.3112683745051935e+18
43,2020-09-30 11:35:16,kana_ogawa,"【事務用品】ベスト10
プラス レターケース A4縦 浅型3段深型1段 LC-113F 16-141 ブラック
https://t.co/NMIDR64WVJ #Amazon",1.3112683718794772e+18
44,2020-09-30 11:35:37,kana_ogawa,"【事務用品】ベスト10
JEJ Aplos(アプロス) レターケースA4(浅型10段) アイボリー APA4-A10(IV)
https://t.co/weSNUH88q2 #Amazon",1.3112684595866173e+18
45,2020-09-30 11:35:27,kana_ogawa,"【事務用品】ベスト10
オート レターオープナー セラミックレターオープナー 黒 CLO-500クロ
https://t.co/4lhMRVl9Ev #Amazon",1.3112684157476823e+18
46,2020-09-30 11:35:11,kana_ogawa,"【事務用品】ベスト10
アイリスオーヤマ 静音シュレッダー 超静音 家庭用 細断枚数6枚 クロスカット 連続使用10分 CD/DVD/BD細断可能 ダストボックス7.5L A4/60枚収容 P6HCS-W ホワイト
https://t.co/aVW7vbudLe #Amazon",1.3112683498803528e+18
47,2020-09-30 11:41:30,rakten_kaden_,"09/30 20:41

【入荷予定あり 9月27日頃】象印 NW-VH10
【楽天】16398円
【Amazon】24800円

★楽天で購入すると★
 8402円 お得（お得率51％）

↓お得な情報を一覧で確認出来るサイト
https://t.co/kMQYxgL6Rh

#楽天市場 #Amazon #お得 #せどり https://t.co/Oetqxe90f6",1.3112699377767178e+18
48,2020-09-30 11:36:16,Buch_Bestseller,Spring in eine Pfütze! Das etwas andere Tagebuch: Herausgege… von #ViktoriaSarina https://t.co/r2jZTMI7BE ist jetzt neu auf Platz 37 der Top 50 #Amazon #Bestseller.,1.311268621625299e+18
49,2020-09-30 11:35:10,OfertacularRL,"‼️MESSI‼️ 👁‍🗨 #cholloshot #Amazon #chollo #oferta #ganga

⚫️ T MINIS T Mini Leo Messi (IMEX FCB10TMINI)

🛒: ➡️ https://t.co/QkkVFdBIgq ⬅️

🟢 https://t.co/SdTO2TTDka https://t.co/AY15ZoT02F",1.3112683442727608e+18
,date,screen_name,tweet,tweet_id
0,2020-09-30 11:32:37,Healtha33037085,"#amazon #laptop #minotebook 
Laptop Processor: 10th Gen Intel Core i7-10510U processor, 1.8 GHz base speed, 4.9 GHz max speed, 4 Cores, 8 threads

Operating System in the laptop: Windows 10 Home operating system  Pre-installed software : Office 365 – 
https://t.co/LQpkIEz3JQ",1.3112677030095995e+18
1,2020-09-30 11:30:43,yuki_nagase,"【バインダー】ベスト10
キングジム キングファイル A4 タテ 2475GXA 青3冊パック 2475GXA-3
https://t.co/QqJOPuukel #Amazon",1.3112672244312064e+18
2,2020-09-30 11:31:37,wwwmanymerrycom,#am͜a͉zon ストア https://t.co/3UUNIdUpqN で、上品なカラーを揃えた #ニット をお買い得なプライスで数量限定販売中です。#スイスコットン #ピマコットン #イタリア糸 を使用した #上質ニット を是非この機会に…#セーター #編み物 #手編み #かぎ針 #ニットカフェ A,1.3112674542664376e+18
3,2020-09-30 11:30:08,bmurphypointman,"#amazon #amazonprime #prime Webtalk shares part of its revenue with its affiliates! Just post, like, share. When people also do the above on your posts, you earn! https://t.co/eyZ6imGbFE",1.3112670791321887e+18
4,2020-09-30 11:34:03,_mis_ter_e_,"Make #Superman LEGO portraits !!!

#HenryCavill #christopherreeve #batman #benaffleck #dcfandome #JusticeLeague #JusticeLeagueSnyderCut #JusticeLeagueTheSnyderCut #amazon #kindle #kindlebooks #kindleunlimited #dccomics
https://t.co/x9oMoi2N7y",1.31126806680696e+18
5,2020-09-30 11:30:54,leguideboursier,Comment la croissance d’Amazon impacte les magasins physiques ? https://t.co/dHEcD8uyzL #Amazon,1.3112672701702103e+18
6,2020-09-30 11:33:47,Justin6Credible,"Green Dot [Explicit] https://t.co/qjDQMAaNlS
#AMAZON 
#amazonmusic 
#前澤ナンバーズ
#テレ東音楽祭",1.311267997747753e+18
7,2020-09-30 11:30:12,ADVANCEBOOKS777,"AUTORES INDIE A.B INFORMA 
Ya a la venta el nuevo libro de Eva Zamora 
@eva_zamora_
en formato digital 
#Amazon https://t.co/H34gJPA6sq
y en formato papel, el siguiente enlace a la editorial Imagica:
https://t.co/t9MGpY2fBT
@ADVANCEBOOKS777

@MagdaDJG

@JA... https://t.co/ahPreEmbPv",1.3112670950495764e+18
8,2020-09-30 11:33:01,elsuperchollo,"🔥 Preciazo ❗️❗️❗️ #Amazon 

adidas - W E PLN Pant - Sport Trousers Mujer 

Descuentazo de locos 43% 

💵 Precio desde 22,95 EUR

🔰 Enlace: https://t.co/yWRKBZ8ONd 

🌐 https://t.co/Iu472TwQ4c https://t.co/rL1qZUXCPy",1.311267806885929e+18
9,2020-09-30 11:30:25,UseIAmI,"#Amazon innovates with #biometric (palm) recognition &amp; #authentication for #payments. This may present ongoing #cyber risks as #threatactors continue to go after user #PII.

Note - Any form of user PII that can be monetized will be targeted!

https://t.co/HFqIATtiKs https://t.co/v9WkcEf2YT",1.311267149865005e+18
10,2020-09-30 11:30:44,elsuperchollo,"Lluvia de rebajas 🌂 #Amazon 

adidas - GYMSACK LOGO 

Al rico chollo oiga❗❗ 37% 

💵 Precio desde 8,70 EUR

🔰 Enlace: https://t.co/oS4SU4OJFl 

🌐 https://t.co/3WJ5HKLjKv https://t.co/CFwXEAkQYG",1.3112672295945134e+18
11,2020-09-30 11:34:07,Canalchollacos,"Enlace al post completo: https://t.co/GqWYodeBKP 
‍ MONITOR SAMSUNG 144Hz #Amazon | #Informática

Samsung C32JG56 - Monitor Curvo Gaming de 32"" (QHD, 4 ms, 144 Hz, FreeSync, LED, 16:9, 3000:1, 1800R, 2x HDMI, Inclinacion ajustable) Gris Oscuro

Con más de 1200 reseñas es una co… https://t.co/FNyZ5vyy3Z",1.3112680833618166e+18
12,2020-09-30 11:31:29,rakten_kaden_,"09/30 20:31

クリーナー スティッククリーナー IC-SLDC8
【楽天】7980円
【Amazon】8531円

★楽天で購入すると★
 551円 お得（お得率7％）

↓お得な情報を一覧で確認出来るサイト
https://t.co/kMQYxgL6Rh

#楽天市場 #Amazon #お得 #せどり https://t.co/9JGz1lgbHG",1.3112674182079693e+18
13,2020-09-30 11:31:18,Aijobs_com,"Amazon is looking for a DIRECTOR, DATA SCIENCE, – PRIME VIDEO (US, Seattle)
Apply here ➡https://t.co/bAI0IQMGAn

#ai #aijobs #artificialintelligence #techjobs #datascience #jobsearch #jobs #ml #Amazon",1.311267374222381e+18
14,2020-09-30 11:32:31,MenudoPaquete,"🌟 [𝗠𝗲𝗻𝘂𝗱𝗼 𝗣𝗮𝗾𝘂𝗲𝘁𝗲] 🌟

🔊 Skroad Percha para Pantalones, 3 Unidades, Ahorro de Espacio, Antideslizante, Organizador de Ar #amazon

🌍 Enlace: https://t.co/xfgeNR9vWm

Te esperamos en telegram: https://t.co/IbEojfZpa4 https://t.co/MiB9A54Eih",1.311267680129876e+18
15,2020-09-30 11:31:54,elsuperchollo,"Lluvia de rebajas 🌂 #Amazon 

adidas - Varilite Soft J Chaqueta, Hombre 

💰 Rebajado al 27% 

💵 Precio desde 86,98 EUR (Amazon Prime)

🔰 Enlace: https://t.co/ZiOHhCxR2w 

🌐 https://t.co/zz7EBMbFAp https://t.co/HlfoWSlJI6",1.3112675239171564e+18
16,2020-09-30 11:30:37,Sam_Smit,"Check out my new album ""The Awakening"" distributed by @DistroKid and live on #Amazon! #AmazonGoesGold https://t.co/uJjTBigF3r",1.3112671989424906e+18
17,2020-09-30 11:31:29,Digital_Decor,"'Musica Universalis' by David Petersen
 
My #art #books are available from #Amazon as well as https://t.co/hHRky8vPQg and https://t.co/FvvXPKYWYy

#artist #artwork #animation #digitalart #artshare #creative #writingcommunity #fractals #Wednesday https://t.co/znmdyhOYsB",1.3112674191308595e+18
18,2020-09-30 11:33:03,piccolopodcasts,"What can't they do? Hopefully they'll be around in Australia soon as another streaming service for your favourite podcasts! 
#Amazon #amazonmusic #amazonpodcasts #PodcastsOnAmazonMusic  #podcasts https://t.co/OfxTSklcZ7",1.3112678137855672e+18
19,2020-09-30 11:31:25,SabrosoSauce,Purchase @SabrosoSauce Healthy Seasoning on @Amazon (US) https://t.co/O4OWCCYeSo #SabrosoSauce #HealthySeasoning #Amazon #USMarket,1.311267400109699e+18
20,2020-09-30 11:32:29,OnlyGearBest,"🌟 [𝗢𝗻𝗹𝘆 𝗚𝗲𝗮𝗿𝗯𝗲𝘀𝘁] 🌟

🔊 Skroad Percha para Pantalones, 3 Unidades, Ahorro de Espacio, Antideslizante, Organizador de Ar #amazon

🌍 Enlace: https://t.co/kxXiZB1c0z

Te esperamos en telegram: https://t.co/mPaN5u2fFj https://t.co/CypqrinFui",1.3112676717999882e+18
21,2020-09-30 11:32:56,CoolDealCA,"💲💰
Transolid PAN3260R-A8 60"" x 32...
Reduced from $605.88 to $257.23

# #Deals #new #Deals #Amazon  #Deal #ganga

 https://t.co/TbprKzr8bi https://t.co/dejfiZtz5Y",1.3112677826847498e+18
22,2020-09-30 11:34:44,XperienceDope,"Blasting Jhené Aiko - Tryna Smoke right now on Pretty Dope Xperience Radio aka #BlackPandora

listen now and catch a wave!! https://t.co/VqKFopeoex  #nowplaying #np #RT  #NowStreaming #Streema Download Now #Alexa #GooglePlay #iOSAppStore #Amazon #",1.3112682351158886e+18
23,2020-09-30 11:30:37,yuki_nagase,"【バインダー】ベスト10
コクヨ クリップボード H A4 短辺とじ 灰 ヨハ-H78DM
https://t.co/gEHuTyiPZt #Amazon",1.311267202490749e+18
24,2020-09-30 11:30:48,yuki_nagase,"【バインダー】ベスト10
Panavage クリップボードフォルダ a4 ファイルボード バインダー 会議用パッド 水色
https://t.co/Vz6IIQdrn3 #Amazon",1.3112672463338086e+18
25,2020-09-30 11:31:35,SirWHarvey,Hmm this I didn't know #amazon #jeffbezos #taxlaw #interesting https://t.co/lBuwidQUBZ,1.3112674442127606e+18
26,2020-09-30 11:31:14,Xwhite_Apex,"✨当店から購入するメリット✨ 20:30

・最短30分〜最長3時間で代行完了！

・どこの業者よりも【最安値】で販売！

・安心出来る取引・迅速な対応
支払方法【#コンビニ #Amazon 払い】

#Apex募集 #apex代行 #Apex募集ps4  
#ApexLegends https://t.co/AGaOTDQc3b",1.311267357143249e+18
27,2020-09-30 11:30:31,doujin_RPG,【 #Amazon 】 アサシン クリード オデッセイ シーズンパス|オンラインコード版 https://t.co/jlslD2Lv13,1.3112671774130135e+18
28,2020-09-30 11:32:50,TheInStockRoom,"***New Deal***
Transolid PAN3260R-A8 60"" x 32...
Reduced from $605.88 to $257.23
https://t.co/0MSBUV4DPr
#Deals #newDeals #Amazon https://t.co/mA0wsFkqpF",1.3112677581942088e+18
29,2020-09-30 11:32:37,mag_dhanam,"ഉത്സവ വിപണി കൊഴുപ്പിക്കാന്‍ 1125 കോടിയിറക്കി ആമസോണ്‍

കടുത്ത മത്സരം നേരിടുന്ന ഇന്ത്യന്‍ ഇ കൊമേഴ്‌സ് മേഖലയില്‍ അപ്രമാദിത്വം ഉറപ്പിക്കാന്‍ പണമൊഴുക്കുകയാണ് ആമസോണ്‍
#Amazon #Amazonindia #Ecommercecompany

https://t.co/aPXQWu5GFQ https://t.co/139EhKtlfV",1.3112677033451438e+18
30,2020-09-03 18:26:48,LenovoLegion,"Lenovo Legion x @PlayApex
Now is your chance to rise above the rest. 
Unmatched performance, purposeful engineering, modern design.
Gear up with a machine as savage as you are.
Stylish outside.
Savage inside.",1.301587465258578e+18
31,2020-09-30 11:30:22,yuki_nagase,"【バインダー】ベスト10
L-Hydrone クリップボード クリップファイル A4メモ用紙付き 重さない 360度折り返し 軽量 オフィス用品バインダー ブラック
https://t.co/sa3ZcPnpSR #Amazon",1.3112671363508224e+18
32,2020-09-30 11:30:32,yuki_nagase,"【バインダー】ベスト10
セキセイ クリップボード クリップファイル 発泡美人 A4-E ブラック FB-2016
https://t.co/ZBchZKzkMs #Amazon",1.3112671805713244e+18
33,2020-09-30 11:30:16,yuki_nagase,"【バインダー】ベスト10
コクヨ クリップボード クリップホルダ- A4 黒 ヨハ-50ND
https://t.co/vCIQaFtS4m #Amazon",1.3112671139238339e+18
34,2020-09-30 11:30:27,yuki_nagase,"【バインダー】ベスト10
コクヨ バインダー ノート キャンパス B5 26穴 100枚収容 ライトブルー ル-P333NLB
https://t.co/bOBteBI9Vt #Amazon",1.3112671584128164e+18
35,2020-09-30 11:33:52,creativemm12,"👉https://t.co/RDfOn3ocME #amazon👈
💯👉Auto Follower👈💯
💯👉#自動相互フォロー👈💯

#固定ツイートRT
#Yankees
#Eric #Trump
#White #Sox
#followergenerator
#相互RT
#FollowBack
#TeamFollowback
#f4f
#followtrick
#FollowNGain
#TFW",1.3112680175698534e+18
36,2020-09-30 11:33:54,Healtha33037085,"#amazon #fitnessbands #mismartband4
The Mi Smart Band 4 features a 39.9% larger (than Mi Band 3) AMOLED color full-touch display with adjustable brightness, so everything is clear as can be. Compatible with Android 4.4 or later/iOS 9.0 or later

https://t.co/QAxw8IKanE",1.3112680287560294e+18
37,2020-09-30 11:30:58,best_deals_US,"Grab before its gone!
Bloem TR06908 Terra Plastic Pot Planter 6"", Charcoal Gray

Offer price: $2.98 (25% OFF!)
Retail: $3.99

https://t.co/TI8Vygzyk7

#Amazon #deals #RT https://t.co/YT3lvsGbJJ",1.3112672872702648e+18
38,2020-09-30 11:32:40,SirWHarvey,Makes sense #jeffbezos #amazon #taxlaw #flagrant2 https://t.co/H0m2Lvut8m,1.3112677187467756e+18
39,2020-09-30 11:34:55,NoInputFilms,"I feel like writing another draft of my cosmic horror script.
#WritingCommunity #writing #horror #films #shortfilms #films #movies #movie #Netflix #Amazon https://t.co/Leb0ZX9Udz",1.3112682816516178e+18
40,2020-09-30 11:34:16,hispachollos,"🌀 Luggo - Juego de Maletas Capullo (Rojo) 8 Ruedas Giratorias - Cerradura TSA - 20% Más Livianas. #Amazon 🇪🇸

💶 Precio oferta: 51€ 💥 (PVP normal: 102€)

💳 Enlace: https://t.co/94GtwEY9cQ

✨ 30 días gratis de Amazon Music Unlimited :  ...
https://t.co/EIntJi10ld
#chollo",1.3112681214418616e+18
41,2020-09-30 11:32:19,chikusyou28me,"#YouneedtheTanktop 
#ヤバイTシャツ屋さん
#ヤバT
#Amazon

1番はAmazonでした🎃
愛してる。
next...",1.3112676283008082e+18
42,2020-09-30 11:34:36,Uber1800,"相互フォローお願いします
#リツイートした人全員フォローする
#リツイートした人全員フォロー
#相互フォロー募集
#相互フォロー
楽天カード発行で5000ポイント
https://t.co/veCNSZUMmK #Amazon",1.3112682047029658e+18
43,2020-09-30 11:30:54,iMoGalore,"on #Amazon
Best Books of the Month: History
https://t.co/cGXyWdga72",1.3112672721415578e+18
44,2020-09-30 11:34:48,byLilyV,"Get #IT #CERTIFIED 
One lesson, four #AWS certificates!
Enrol https://t.co/MTTCw6V3Vu
#cloudcomputing #amazon #cloud #certification https://t.co/VXQSwSPzp8",1.3112682556806062e+18
45,2020-09-30 11:34:13,MrJulesMckenzie,"It's official: #Amazon will employ 6,000 people in #Vancouver's The Post redevelopment #RealEstate #Investing #Mortgage #Housing #Realtor #property #REINBC #Jobs #Economy #CRE  https://t.co/WMtbEa6pbu",1.311268106304721e+18
46,2020-09-30 11:32:14,ukgovcomp,"Beware of #Adecco - complicit with Torture.

#Leadership #Motivation #Futureofwork #ITV #Forbes #Amazon #Bloomberg #LoveWhatYouDo #FutureofWork #TimetoAct
 https://t.co/74oDp9wtoi",1.3112676079207588e+18
47,2020-09-30 11:32:30,reinadellowcost,"🌟 [𝗟𝗮 𝗿𝗲𝗶𝗻𝗮 𝗱𝗲𝗹 𝗟𝗼𝘄𝗰𝗼𝘀𝘁] 🌟

🔊 Skroad Percha para Pantalones, 3 Unidades, Ahorro de Espacio, Antideslizante, Organizador de Ar #amazon

🌍 Enlace: https://t.co/h0kTlzurJK

Te esperamos en telegram: https://t.co/Jxndx9pJCJ https://t.co/lqAEPsAHSM",1.31126767610744e+18
48,2020-09-30 11:30:11,yuki_nagase,"【バインダー】ベスト10
RIN DEN クリップボード バインダー 二つ折り a4 革 カード名刺入れ メモ用紙ペン付箋付き 軽量 高級感
https://t.co/prsfCotXa3 #Amazon",1.3112670919247094e+18
49,2020-09-30 11:34:03,Suesan0814,#PNR #amreading #NYTimes #bestsellers  #FREE #KindleUnlimited #amreading #VAMPS on #Amazon https://t.co/NfUXMaI9LN https://t.co/cHa0woD2ti,1.311268066744062e+18
,date,screen_name,tweet,tweet_id
0,2020-09-30 11:24:48,9ball3k3,"Amazonほしい物リストを一緒に編集しましょう https://t.co/5UQqLdMPlu #Amazon

欲しいものリスト整理したらガンプラだらけになった",1.3112657384606024e+18
1,2020-09-30 11:26:24,DhrubRaaj,AVG Ultimate (Unlimited Devices | 1 Year) + AVG Antivirus for Android - Pro (1 Device | 1 Year) https://t.co/Tu79Hl6UfD Shop for Computer Software at the #Amazon.in https://t.co/RwNZS19tJk,1.3112661386854113e+18
2,2020-09-30 11:26:24,DhrubRaaj,"Microsoft 365 Personal | 12-Month Subscription, for 1 Person (Activation Key Card) https://t.co/gfIGYNWD03 Shop for Computer Software at the #Amazon.in https://t.co/RwNZS19tJk",1.3112661409544274e+18
3,2020-09-30 11:30:06,MagdaDJG,"AUTORES INDIE A.B INFORMA 
Ya a la venta el nuevo libro de Eva Zamora 
@eva_zamora_
en formato digital 
#Amazon https://t.co/DjvolNVhSy
y en formato papel, el siguiente enlace a la editorial Imagica:
https://t.co/JKsgy8AiT5
@ADVANCEBOOKS777

@MagdaDJG

@JA... https://t.co/Axxe4d0jbQ",1.3112670705129513e+18
4,2020-09-30 11:25:09,CoolDealCA,"Start that Fall bulk early 🏋️‍♀️

6 POUNDS of Optimum Nutrition Serious Mass Weight Gainer only $29!!

#freebies #deals #deal #moneysaver #greatdeal #steals #discount #sale #bargain #bargainhunter #cheap #bestprice #Amazon  #Deals #giveaway #Deal #ganga

 https://t.co/fYcTyqV6o2 https://t.co/kZDIIbs9Q2",1.3112658269060342e+18
5,2020-09-30 11:25:31,One_News_Page,Amazon Wants to Allow Payments With the Wave of a Hand: https://t.co/FkMa07xglm   #Amazon,1.3112659178049905e+18
6,2020-09-30 11:28:07,kwinews1,"Amazon India says sellers keen to invest in hiring, marketing for festive season https://t.co/6zkWU3gYMG via @@kwinews1 

#Amazon 
#India
#AmazonIndia 
#smbs",1.311266570379948e+18
7,2020-09-30 11:24:44,CoolDealCA,"💲💰
Good Ideas Garden Wizard
#New  price $300

# #Deals #new #Deals #savings #Amazon  #Deal #ganga

 https://t.co/gObxC3P0ku",1.3112657191627244e+18
8,2020-09-30 11:27:26,creativemm12,"&lt;Current Weather&gt;
New York
Temperature: 60.96°F/ Status: clouds
👉https://t.co/TgQtcXzECK #amazon👈
💯👉Auto Follower👈💯
💯👉#自動相互フォロー👈💯

#followermachine
#MLB
#Tottenham #vs #Chelsea
#Mac #Davis
#followergenerator
#followermachine
#followt",1.3112664000826204e+18
9,2020-09-30 11:28:38,chollosyoferta,"#Chollo #Amazon 54% DESCUENTO KidKraft  Mesa con 2 sillas de madera y blanca, para sala de juegos infantil / muebles de dormitorio, Color Blanco (27025)

Precio oferta: 92,58
Reacondicionado: 42,48

    👇👇👇👇👇👇👇
👉 https://t.co/aGMX1pAybv https://t.co/SETPggJuzC",1.3112667010198774e+18
10,2020-09-30 11:28:14,biedexmarkets,": Amazon rolling out contactless device, Amazon One, at Seattle Go stores#stockmarkets#amazon #amazon_one #amazon.com #amzn #article_normal #at_...
https://t.co/xigs8f2bhd",1.311266601342251e+18
11,2020-09-30 11:27:34,seika_hikaku,#動物型 を安く買いたいなら #cotta #富澤商店 #楽天 #amazon https://t.co/rjhQykS7FE,1.3112664330456515e+18
12,2020-09-30 11:30:02,YabRock,B'BOOM Official Bootleg - Live in Argentina 1994 / #KingCrimson https://t.co/qOiDq8skUk #ProgressiveRock #ProgRock #アマゾン #Amazon #AmazonJP,1.3112670523262853e+18
13,2020-09-30 11:28:40,freeman_maryann,Elma’s Experiences With The Children On The Block: Children https://t.co/QNS1UCqSMF #Amazon,1.3112667089387274e+18
14,2020-09-30 11:30:01,yuki_nagase,"【バインダー】ベスト10
[Latuna] バインダー A4 革 クリップボード プレゼント ギフト 贈り物 PU 高級感 クリップ ファイル 二つ折り 多機能 ペンホルダー ポケット付き 名刺入れ (PUレザー)
https://t.co/TTIznIC6PZ #Amazon",1.3112670479014543e+18
15,2020-09-30 11:24:54,MyMobileMag,#Amazon launches #AmazonExplore’- a virtual tours and experience platform https://t.co/A01XODy54d,1.3112657628881756e+18
16,2020-09-30 11:26:25,DhrubRaaj,"BYJU'S Class 11+12 (PCM) JEE Preparation - 7"" Tablet (Tablet) https://t.co/T214ePyY4B Shop for Computer Software at the #Amazon.in https://t.co/RwNZS0RSkK",1.3112661430221906e+18
17,2020-09-30 11:29:20,freelancermb,"El mundo de Sasha: cuentos infantiles.
Link: https://t.co/2CTmODOgCS 

#kindleunlimited #amazon #libros #books #literatura #niños #Infantil #paperbacks #kindle #cuentos #fantasia",1.3112668770254643e+18
18,2020-09-30 11:23:55,XperienceDope,"Blasting Common, Mary J Blige - Come Close  right now on Pretty Dope Xperience Radio aka #BlackPandora

listen now and catch a wave!! https://t.co/VqKFopeoex  #nowplaying #np #RT  #NowStreaming #Streema Download Now #Alexa #GooglePlay #iOSAppStore #Amazon #",1.311265515273433e+18
19,2020-09-30 11:26:05,persuadiendo,"Así es #Amazon One, el nuevo sistema del gigante del retail para que pagues escaneando tu mano https://t.co/QcDUYRTicI via @Mkt4eCommerce",1.3112660611033702e+18
20,2020-09-30 11:26:24,GadgetsWorld18,"#amazon #mobile #redminote9pro
48MP rear camera with ultra-wide, super macro, portrait, night mode, 960fps slowmotion, AI scene recognition, pro color, HDR, pro mode  16MP facing camera

16.9418 centimeters (6.67-inch) FHD+ full screen dot display LCD 
https://t.co/k8BCqw3dYB",1.3112661380099482e+18
21,2020-09-30 11:26:24,Nanteshype,#Nantes : Après avoir annoncé une ouverture de dépôt du dernier kilomètre à #Carquefou. #Amazon devrait ouvrir un entrepôt fortement robotisé de 185 000 m² sur 4 niveaux à Montbert (44140) dans le parc d'activités de Bayonne. https://t.co/gOrfEeSIka https://t.co/0e1qd63YzE,1.3112661381904794e+18
22,2020-09-30 11:24:03,s_repose,Riveting e-reads. #ebooks #BookChat #Thriller #ReadersCommunity #Amazon #Adventure https://t.co/K7hn1w14s9,1.311265547108008e+18
23,2020-09-30 11:24:44,dnaRtests,"Visual QuickStart Guide is an easy, visual approach to learning
👩‍💻 https://t.co/45mCVxFQfc
$35.48
#paperback #bookstagram #books #ebook #kindle #book #bookworm #booklover #amazon #reading #bookish #kindleunlimited
#100DaysOfCode #css #DEVCommunity #CodeNewbie",1.3112657220693893e+18
24,2020-09-30 11:24:04,jpaul82,Here is a link to your Amazon gift receipt https://t.co/SaxsXe4j8P. You can quickly start a return if needed. #Amazon,1.3112655512479662e+18
25,2020-09-30 11:27:00,amazon_supply,"FREE Shipping. Details
You Save:$30.00 (19%)
Apple AirPods with Charging Case (Wired)
https://t.co/jkAkqbcyhk 

#Amazon #alibaba",1.311266289609048e+18
26,2020-09-30 11:30:06,JARios_autor,"AUTORES INDIE A.B INFORMA 
Ya a la venta el nuevo libro de Eva Zamora 
@eva_zamora_
en formato digital 
#Amazon https://t.co/bmuvacABsK
y en formato papel, el siguiente enlace a la editorial Imagica:
https://t.co/CaQwmZNcfv
@ADVANCEBOOKS777

@MagdaDJG

@JA... https://t.co/SlVzO8VHwS",1.3112670705548902e+18
27,2020-09-30 11:30:03,amazon_rankinQ,"【スマートウォッチ】
スマートウォッチ Yamay 歩数計 心拍計 活動量計 ストップウォッチ 着信通知 睡眠モニター IP68防水 画面の明...
￥2,999
https://t.co/CKilSxBgfs
#amazon",1.3112670583745126e+18
28,2020-09-30 11:30:06,MagdaDJG,"AUTORES INDIE A.B INFORMA 
Ya a la venta el nuevo libro de Eva Zamora 
@eva_zamora_
en formato digital 
#Amazon https://t.co/DjvolNVhSy
y en formato papel, el siguiente enlace a la editorial Imagica:
https://t.co/JKsgy8AiT5
@ADVANCEBOOKS777

@MagdaDJG

@JA... https://t.co/xDwkpeHo78",1.3112670703451873e+18
29,2020-09-30 11:25:00,Haidji,"Read : ""My own words"" by Ruth Bader Ginsburg - Click on https://t.co/t4jM06HdFm  #RuthBaderGinsburg #ruthbader #books #myownwords #amazon #mustread #NewYorkTimes #bestseller #educateyourself #goodreads #amazonbooks #tbr #BookBoost #booklovers #bookblog #book",1.3112657862965903e+18
30,2020-09-30 11:25:04,kino_maiklove,"ディズニープラスの抽選で当たったけど…使い方がよく分からない笑
#ディズニープラス
#firetvstick 
#Amazon https://t.co/HOcPMFR7Oj",1.3112658033799455e+18
31,2020-09-30 11:30:06,JARios_autor,"AUTORES INDIE A.B INFORMA 
Ya a la venta el nuevo libro de Eva Zamora 
@eva_zamora_
en formato digital 
#Amazon https://t.co/bmuvacABsK
y en formato papel, el siguiente enlace a la editorial Imagica:
https://t.co/CaQwmZNcfv
@ADVANCEBOOKS777

@MagdaDJG

@JA... https://t.co/EtCjQYZ0V8",1.311267070705832e+18
32,2020-09-30 11:29:57,Healtha33037085,"#amazon #mobile #oneplolusnord #5g
48MP+8MP+5MP+2MP quad rear camera with 1080P Video at 30/60 fps, 4k 30fps  32MP+8MP front dual camera with 4K video capture at 30/60 fps and 1080 video capture at 30/60 fps

6.44-inch 90Hz fluid Amoled display with
https://t.co/EBhzcP7Kd0",1.31126703340578e+18
33,2020-09-30 11:26:25,DhrubRaaj,"Quick Heal Total Security Latest Version - 2 PCs, 3 Years (DVD) https://t.co/9LBZ45wgiN Shop for Computer Software at the #Amazon.in https://t.co/RwNZS19tJk",1.3112661448678113e+18
34,2020-09-30 11:28:28,Healtha33037085,"#amazon #mobile #samsunggalaxym31 #galaxym31
Quad Camera Setup - 64MP (F1.8) Main Camera +8MP (F2.2) Ultra Wide Camera +5MP(F2.2) Depth Camera +5MP(F2.4) Macro Camera and 32MP (F2.0) front facing Camera

6.4-inch(16.21 centimeters) Super Amoled - 
https://t.co/qsyl9rk5KJ",1.3112666615765033e+18
35,2020-09-30 11:26:30,CashmintIN,Rs.719 Check out Tecknet M005 Omni Mini Wireless Mouse (Black) by Tecknet https://t.co/aUsZetAwi9 via #amazon https://t.co/20oOW9CM0d,1.3112661652185866e+18
36,2020-09-30 11:29:08,044both,平成仮面ライダー怪人デザイン大鑑 https://t.co/dyjaIVpbbW #Amazon とりあえず何もわからんけど予約した。,1.3112668264420803e+18
37,2020-09-30 11:27:42,XperienceDope,"Blasting Sampa The Great feat. Krown - Time’s Up right now on Pretty Dope Xperience Radio aka #BlackPandora

listen now and catch a wave!! https://t.co/VqKFopeoex  #nowplaying #np #RT  #NowStreaming #Streema Download Now #Alexa #GooglePlay #iOSAppStore #Amazon #",1.3112664661220844e+18
38,2020-09-30 11:27:01,uketoricancel,"ネット、通販ショップ運営者の必需品✨
無断受取拒否リスクの対策なら無料の
https://t.co/Mg8HrRc0LI

#無断受取拒否なくそう #ミンネ #楽天 #ヤフー #メルカリ #ラクマ #amazon",1.3112662928091013e+18
39,2020-09-30 11:28:45,mr_a1484,precious stones(CD) https://t.co/PXf4GN9XUD #Amazon,1.3112667319192494e+18
40,2020-09-30 11:28:20,freeman_maryann,A Letter To My Mother In Heaven: Loving Mother https://t.co/wSZ4GX58EH #Amazon,1.311266627086934e+18
41,2020-09-30 11:26:50,NozzlerFR,"https://t.co/qdwdXt4DnW
🔴🔴CODE PROMO NEGO https://t.co/5I4Shh1Iml !🔴🔴
⏱9,99€ seulement la boite d'accessoires pour outils rotatif !⏱
313pièces au total
#accessoire #outil #outils #maker #makers #make #makes #popoman #outilsRotatif #nozzler #nozzlerFR #deal #coupon #amazon",1.3112662478044406e+18
42,2020-09-30 11:26:03,kawaii_code_1,"#PS5         はこちらから😊♬

#Amazon 特設サイト

✅ https://t.co/jbgDEyxQAD

楽天市場 ソフト、本体

✅ https://t.co/OwwHM681GN

#PS5予約",1.3112660503070106e+18
43,2020-09-30 11:30:06,ADVANCEBOOKS777,"AUTORES INDIE A.B INFORMA 
Ya a la venta el nuevo libro de Eva Zamora 
@eva_zamora_
en formato digital 
#Amazon https://t.co/H34gJPA6sq
y en formato papel, el siguiente enlace a la editorial Imagica:
https://t.co/t9MGpY2fBT
@ADVANCEBOOKS777

@MagdaDJG

@JA... https://t.co/i97GkpBk6i",1.3112670706765455e+18
44,2020-09-30 11:26:28,rakten_kaden_,"09/30 20:26

SHARP FU-J50 ホワイト系 [空気清浄機
【楽天】18800円
【Amazon】19770円

★楽天で購入すると★
 970円 お得（お得率5％）

↓お得な情報を一覧で確認出来るサイト
https://t.co/kMQYxgL6Rh

#楽天市場 #Amazon #お得 #せどり https://t.co/fCzdVadm5i",1.3112661581677445e+18
45,2020-09-30 11:30:06,yuki_nagase,"【バインダー】ベスト10
リヒトラブ クリップファイル A4 オレンジ F7560-4
https://t.co/s9SfcFiHO3 #Amazon",1.3112670700429885e+18
46,2020-09-30 11:24:38,TheInStockRoom,"***New Deal***
Good Ideas Garden Wizard
New price $300
https://t.co/L4CB78xfkf
#Deals #newDeals #savings #Amazon https://t.co/eKbSZ73Q35",1.3112656954984899e+18
47,2020-09-30 11:25:38,chollosyoferta,"#Chollo #Amazon 68% DESCUENTO Ollas Agnelli Alblack Pan Baja Saltar, Aluminio, Acero Tubular Inoxidable manija embutida con Fresco, Negro, 40 cm

Precio oferta: 60,7
Reacondicionado: 19,07

    👇👇👇👇👇👇👇
👉 https://t.co/N48vzLQCYU https://t.co/CR9mSPlU1n",1.3112659446778757e+18
48,2020-09-30 11:24:33,chollosyoferta,"#Chollo #Amazon 69% DESCUENTO Grandi Giochi GG02410   Espejo con Taburete, diseño de Frozen 2

Precio original: 39,66
Precio oferta: 34,99
Reacondicionado: 12,14

    👇👇👇👇👇👇👇
👉 https://t.co/ezaI6deSj7 https://t.co/k2KRYeySUI",1.311265673713197e+18
49,2020-09-30 11:24:08,theartchemists,"#BrutusVsCésar : si le #film de #Kheiron déclenche les passions et les controverses, il inspire aussi des partenariats assez savoureux entre #Amazon Prime Video #Deliveroo et Pierre Sang Boyer Officiel ! 

#pierresang #gastronomie #amazonprimevideo #VoD … https://t.co/a3Q0KgoEvy",1.3112655700258693e+18
,date,screen_name,tweet,tweet_id
0,2020-09-30 11:20:02,creativemm12,"#CITIZEN Q&amp;Q(シチズン Q&amp;Q) の [シチズン Q&amp;Q] 腕時計 アナログ 防水 ウレタンベルト VS08-002 メンズ ホワイト
https://t.co/MZCQX4FIWg
#followermachine
#온라인셀러
#amazon
#Tottenham #vs #Chelsea
#Gillian #Keegan
#128 #WATERLOO",1.3112645388980388e+18
1,2020-09-30 11:17:40,dmtoft,"@JackDeanna Thank you, Deanna. Have a great day.

Suicide bombers have become a renewable resource, but who is buying their souls, and why?

A roller coaster ride of a book. Well-written and full of twists. – #Amazon review

UK https://t.co/ejuuEmLbC3

USA https://t.co/r1xs4c5nMh",1.3112639415705027e+18
2,2020-09-30 11:18:03,AuthorCschoenig,"Sarang, I like this word.
https://t.co/5YibdNWQkC
https://t.co/TcQYRjSyoO
#SatSplash
#RomanceBooks #romancereader #romancenovels #romancenovel #womenwriters #lovekissedbooks #Amazon https://t.co/WazcSCbVDl",1.3112640392013865e+18
3,2020-09-30 11:16:57,hobo_non,"内さまって最高だよね！！！！！　#わらかる #内村さまぁ～ず #内さま #内村光良 #さまぁ～ず #Amazon #Amazonprime 
https://t.co/ZnifqopKAE",1.3112637635809526e+18
4,2020-09-30 11:23:18,yellowmarket,"やっぱりASKA最強

東京都世田谷区南烏山5-1-13 03-5384-4173 #千歳烏山 #世田谷 #東京 #サーフィン #サーフショップ #イエローマーケット #yellowmatrket #楽天 #ヤフオク #京王線 #久我山 #芦花公園 #amazon #仙川 #クリエイチャー  場所: イエローマーケット https://t.co/3yRN03ZNLz",1.3112653602435686e+18
5,2020-09-30 11:15:47,Goldenlogos1,"@packdesig 

Do you #need #product #packaging #design for your #business, #company #website,, #hospital, , #shop and #ebay #amazon , #shopify store or any other purposes. Here is the best seller on #fiverr Now you are in right place.

https://t.co/pKN4dOs20T",1.3112634671778243e+18
6,2020-09-30 11:17:38,ajhess05,Help me #win @DBReynoldsWrite great  #Amazon #giveaway by sharing! I appreciate it! @FreshFiction #FreshFictionContest https://t.co/Z6P5m7Hb5o #giveaway,1.3112639313741537e+18
7,2020-09-30 11:17:25,OnlyGearBest,"🌟 [𝗢𝗻𝗹𝘆 𝗚𝗲𝗮𝗿𝗯𝗲𝘀𝘁] 🌟

🔊 Utopia Bedding - Protector de colchón Acolchado - Microfibra - Transpirable - Funda para colcho #amazon

🌍 Enlace: https://t.co/mMik4wYoEY

Te esperamos en telegram: https://t.co/mPaN5u2fFj https://t.co/Rj5CKii2z4",1.3112638797381304e+18
8,2020-09-30 11:18:13,AppDropped_UK,"Check out this #Amazon Bestseller - Dell Optiplex 9020 Small Form Factor Desktop - Speedy i for £269.69
https://t.co/g1KEay9TRI https://t.co/FHDv3AwGdp",1.3112640802425815e+18
9,2020-09-30 11:18:56,Info_forever01,コーセー 雪肌精 シュープレム 化粧水 ※230mL I https://t.co/ZcwhqOa8MH　Amazonだと安い(o＾ω＾o) #amazon #beauty #beautiful #happy #life #cosme #bodycare #skincare #everyday,1.3112642610003845e+18
10,2020-09-30 11:20:07,FeHindi,"टीम में शामिल नए सहयोगी अमेजन के एसोसिएट्स के मौजूदा मजबूत नेटवर्क से जुड़ेंगे और उन्हें सुरक्षित और कुशलता से ग्राहकों के ऑर्डर लेने, पैक करने, शिप और डिलीवर करने में सहायता करेंगे. @amazonIN #Amazon 
https://t.co/4yH3MQoiC7",1.3112645598275748e+18
11,2020-09-30 11:16:36,shinobutchi,"⁦@HarukiKai0628⁩ 
洗濯機壊れて毎日コインランドリー通いです。
洗濯機を恵んでください。🙇‍♂️

ほしい物リストを一緒に編集しましょう https://t.co/GS19F1BsTv #Amazon",1.311263675232125e+18
12,2020-09-30 11:16:36,JSHughes5,The Dissension of a Vessel 1985 https://t.co/0fd2OMqPli #Amazon,1.3112636738313585e+18
13,2020-09-30 11:18:05,best_deals_US,"You'll like this one
Nexcare Durable Cloth First Aid Tape, Tears Easily, 2 Rolls

Offer price: $2.99 ($1.50 / Count) (58% OFF!)
Retail: $7.13 ($3.56 / Count)

https://t.co/iLC8n5O0EH

#Amazon #deals #RT https://t.co/BcLEXmgMTr",1.3112640486006333e+18
14,2020-09-30 11:19:02,FChollos,"‍ Bajada de Precio
HUAWEI P Smart S - Color Azul
#Amazon | #Electrónica

Preciazo para este Huawei desde Amazon, el P Smart S. que destaca su pantalla OLED de 6,3"" FHD+, su procesador KIRIN 710F, bateria de 4000 mAH y sus 3 cámara… https://t.co/VU6ydAnzfA https://t.co/Figdn7j868",1.3112642848239575e+18
15,2020-09-30 11:20:41,Shalini06721126,#amazon : https://t.co/4Ic2UfB0LU,1.3112647022493327e+18
16,2020-09-30 11:16:13,cf_hanz,"Success!!
#彩城ゆりな ☆Presents*
https://t.co/ZllSDSxIHr
#DMM https://t.co/Cc5GnuZ2Tq
#Amazon https://t.co/s0cGZhgQ7V
#R18 #クラウドファンディング",1.311263577655763e+18
17,2020-09-30 11:16:22,Cyber_Valley,Das #Amazon Forschungsteam in Tübingen sucht Verstärkung: https://t.co/ygtJjDskzl #CyberValley #MachineLearning #AI https://t.co/EOc9Os9Lop,1.3112636157401948e+18
18,2020-09-30 11:20:04,IndieBookButler,"Walk the #streets of #SanFrancisco with a #SerialKiller #Murder #Booze #BigBand #Music #PsychologicalThriller #Horror #Amazon #Kindle &amp; #Paperback #indieauthor @jusacrosstheway @TheJimSteele #hit the #link, #buy the #book, #leave a #review  https://t.co/synmQTYBWz",1.3112645442541978e+18
19,2020-09-30 11:20:44,XperienceDope,"Blasting Lizzo - Juice right now on Pretty Dope Xperience Radio aka #BlackPandora

listen now and catch a wave!! https://t.co/VqKFopeoex  #nowplaying #np #RT  #NowStreaming #Streema Download Now #Alexa #GooglePlay #iOSAppStore #Amazon #",1.311264713544794e+18
20,2020-09-30 11:21:15,OfferteVGames,"Aperti su #Amazon i preorder di Maneater per #PS5! https://t.co/uDmJTyl7MK

#offerte #videogames #OfferteVG https://t.co/cd4Hjf6v8G",1.311264842972631e+18
21,2020-09-30 11:23:23,hispachollos,"🌀 AWESAFE GPS para Coches con 7 Pulgadas Pantalla LCD con Bluetooth y Cámara Trasera, Navegador GPS para Camión con Actualizaciones de Mapas para Toda la Vida. #Amazon 🇪🇸

🕘 PRECIO FLASH: 67,99€

💶 Precio oferta: 79,99€ 💥 (PVP normal ...
https://t.co/gVf02Mc61e
#chollo",1.3112653785515172e+18
22,2020-09-30 11:15:56,Mashable_PK,"#Amazon wants a copy of your 'palm signature.' You should pass.
https://t.co/QAlUY5qgzb",1.3112635049057649e+18
23,2020-09-30 11:20:32,secretofferzone,"3 Best Smart Watches For Men 2020 In India 💥💥

Link: https://t.co/9BttTNHPEg

#best #smartwatch #mens #amazon #India #Ayodhya #IndiaKaAppStore #Hathras",1.3112646629151785e+18
24,2020-12-04 16:50:25,ProcterGamble,"Everyone has the power to do SOMETHING. Tune in at 7 p.m. Dec. 10 to #TriState Strong: Getting to Zero to be inspired by how your neighbors &amp; familiar faces from health care, media and business have pulled together #TriStateStrong #GettingToZero",1.3349028910736097e+18
25,2020-09-30 11:15:59,elsuperchollo,"💥 Corre que vuelan 🏃‍♂️🏃‍♂️ #Amazon 

Reloj Cronógrafo para Mujer de Cuarzo 

Ofertita de la buena ✨ 54% 

💵 Precio desde 149,90 EUR (Amazon Prime)

🔰 Enlace: https://t.co/EFIpRw7G2F 

🌐 https://t.co/ccCZqpdhLK https://t.co/rHXSIfWLBH",1.3112635182730117e+18
26,2020-09-30 11:21:16,LaBilirrubinaRD,"Tiroteo deja un muerto en instalaciones de Amazon. Entérate: https://t.co/Dzao3KaTA7

#Noticias #Internacionales #Amazon #Florida #EEUU #USA #LaBilirrubinacom https://t.co/04A8THF7Y3",1.311264845778563e+18
27,2020-09-30 11:16:13,NozzlerFR,"https://t.co/5WUh61OnvM
🔴🔴VENTE FLASH AMAZON🔴🔴
⏱129,99€ le kit de développement MakeBlock Mbot !⏱
#mbot #makeblock #nozzler #nozzlerFR #maker #makers #deal #discount #coupon #codepromo #nozzler #venteflash #amazon #arduino #ranger",1.3112635754833306e+18
28,2020-09-30 11:16:18,2ggame,SK11 フルソケットレンチセット TS-2465M 差込角:6.3mm 9.5mm 12.7mm 65点 1セット https://t.co/WemPayM7ZP #Amazon,1.3112635985938022e+18
29,2020-09-30 11:19:00,Charlie_Cawood,"Sigrid - Sucker Punch #bigtimeradio https://t.co/N76xPoatRr @Charlie_Cawood @BigTimeRadio1 @bigtime_news
 on #Amazon Echo &amp; App https://t.co/c7cZfm4MQo  #Top40 #Music 247 #Worldwide 3 #Radio #Stations 43 #Countries #Interviews #Billboard https://t.co/JiPHr6jZyC  #SUBMI",1.3112642777062687e+18
30,2020-09-30 11:20:13,OfertacularRL,"‼️CHOLLAZOO‼️ 👁‍🗨 #cholloshot #Amazon #Tacklife #Blackanddecker #chollo #oferta #ganga

⚫️ Maletín 42 piezas Tacklife

🛒: ➡️ https://t.co/BqnDSsN51l ⬅️

🟢 https://t.co/SdTO2TTDka https://t.co/TQY7zyP0Qn",1.311264582971908e+18
31,2020-09-30 11:19:55,HokkanenSaana,"Wrote a short news piece on this dope new research on the potential of #Amazon's #indigenous agroforestry practises in rethinking global #forest governance.🌳🌲 #ClimateEmergency #sustainability
https://t.co/zv3xrRDA8P",1.311264507377922e+18
32,2020-09-30 11:18:19,MicheMacheDecor,"#cute little #strawberry cup individually hand-painted and available from my #Amazon
Handmade 👇
https://t.co/oT1smEi1PD
@CraftBizParty #fpsbs @TheCraftersUK @SellableStuff #CoffeeLover #Coffee @smallbizshoutUK @retweetme #ukcraft #shopindie @TwitterRetweets #miniatures #handmade https://t.co/PAxDJ8h2vE",1.3112641052113428e+18
33,2020-09-30 11:16:42,XperienceDope,"Blasting DVSN, Ty Dolla Sign, Buju Banton - Dangerous City (Club) right now on Pretty Dope Xperience Radio aka #BlackPandora

listen now and catch a wave!! https://t.co/VqKFopeoex  #nowplaying #np #RT  #NowStreaming #Streema Download Now #Alexa #GooglePlay #iOSAppStore #Amazon #",1.3112636981121802e+18
34,2020-09-30 11:22:21,GadgetsWorld18,"#amazon #earphone #oneplus
Compatible with all smartphones. Charge for 10 minutes, enjoy for 10 hours on your OnePlus Bullets Wireless Z that comes equipped with the latest Bluetooth v5.0 QCC3024 chipset

The Bullets Wireless Z comes with Warp Charge 
https://t.co/fw6KGE9A8X",1.311265120224383e+18
35,2020-09-30 11:23:39,itsyaboiNB912,"check out my single ""Put it on me"" on #Amazon https://t.co/0gM4dHdBfy",1.3112654485336474e+18
36,2020-09-30 11:17:27,MenudoPaquete,"🌟 [𝗠𝗲𝗻𝘂𝗱𝗼 𝗣𝗮𝗾𝘂𝗲𝘁𝗲] 🌟

🔊 Utopia Bedding - Protector de colchón Acolchado - Microfibra - Transpirable - Funda para colcho #amazon

🌍 Enlace: https://t.co/8n2SkNXie4

Te esperamos en telegram: https://t.co/IbEojfZpa4 https://t.co/mvIh3OhGip",1.311263887568896e+18
37,2020-09-30 11:17:01,CoolDealCA,"Get those Amazon purchases 🎁shipped faster for free 
One month #free #Amazon Prime trial
6 month 👀 free for students
click for details
https://t.co/vkCEWOmxOz https://t.co/zK40WtbcGS",1.3112637796704297e+18
38,2020-09-30 11:22:40,svnkrmr,"Nach den #Apple #AirTags geht #Amazon mit #Sidewalk in eine ähnliche Richtung: zwischen eigenen Devices unterschiedlicher Nutzer ein Netzwerk aufbauen und Informationen austauschen.

Um das Wiederfinden von einem Schlüssel wird es alleine nicht gehen.

https://t.co/8rSicE9Kee https://t.co/V9kTAAf4rA",1.311265201950462e+18
39,2020-09-30 11:19:01,BEST300BOT,バッハ／オルガン作品集　【第２位】⇒https://t.co/p2NDhfqfVk #amazon #bot　【第５位】レオンハルト(org）〈72，73〉,1.3112642795683717e+18
40,2020-09-30 11:16:33,Q6pkCjf6qw3LbYy,インスタはyoujiezhangzeで検索して下さい。色んな商品載ってます。#副業 #ネットビジネス #稼ぎたい方 #輸入販売 #輸出販売 #amazon,1.3112636615250657e+18
41,2020-09-30 11:16:28,rakten_kaden_,"09/30 20:16

ダイキン ストリーマ 空気清浄機 MC55W-W 
【楽天】36800円
【Amazon】42500円

★楽天で購入すると★
 5700円 お得（お得率15％）

↓お得な情報を一覧で確認出来るサイト
https://t.co/kMQYxgL6Rh

#楽天市場 #Amazon #お得 #せどり https://t.co/tkVrEnOuIu",1.311263638154408e+18
42,2020-09-30 11:17:35,h22h52,"@HarukiKai0628 
本買いました！！！😘

このご時世、様々なウィルスがある中
子供、じぃじ、ばぁばの為に
少しでも対策出来ればと思います🥺♡
よろしくお願いします😭♡

#春木開 

Amazonほしい物リストを一緒に編集しましょう https://t.co/cuKELh2EdC #Amazon https://t.co/CZOy2ViN4N",1.311263922582741e+18
43,2020-09-30 11:23:18,sho_n0603,Odoria 1/12 ミニチュア 6個ビールボトルと4個ジョッキ ドールハウス https://t.co/XMTWK0ZZev #Amazon,1.3112653587795395e+18
44,2020-09-30 11:21:28,rakten_kaden_,"09/30 20:21

シャープ KS-CF05B-B(ブラック) ジャー
【楽天】8190円
【Amazon】8400円

★楽天で購入すると★
 210円 お得（お得率3％）

↓お得な情報を一覧で確認出来るサイト
https://t.co/kMQYxgL6Rh

#楽天市場 #Amazon #お得 #せどり https://t.co/ae8HOrObjE",1.3112648982239764e+18
45,2020-09-30 11:15:57,Goldenlogos1,"@TheBestOnAmazon 

Do you #need #product #packaging #design for your #business, #company #website,, #hospital, , #shop and #ebay #amazon , #shopify store or any other purposes. Here is the best seller on #fiverr Now you are in right place.

https://t.co/pKN4dOs20T",1.3112635095655137e+18
46,2020-09-30 11:21:21,Ying_Rakuten,"任天堂Switch✨
プレ値低下！
https://t.co/Kq2NgY30m2

¥37600!!👏🏻

Amazonなら即配達！✨
今すぐゲット！❤️

#Switch本体 #ニンテンドースイッチ #Switch価格情報 #switch当選 #あつまれどうぶつの森 
#任天堂 #switch入荷 #amazon #Amazonギフト券",1.3112648668128338e+18
47,2020-09-30 11:17:26,reinadellowcost,"🌟 [𝗟𝗮 𝗿𝗲𝗶𝗻𝗮 𝗱𝗲𝗹 𝗟𝗼𝘄𝗰𝗼𝘀𝘁] 🌟

🔊 Utopia Bedding - Protector de colchón Acolchado - Microfibra - Transpirable - Funda para colcho #amazon

🌍 Enlace: https://t.co/5NFvrUJsj8

Te esperamos en telegram: https://t.co/Jxndx9pJCJ https://t.co/HrTgU4KIEv",1.311263883819131e+18
48,2020-09-30 11:21:17,am7cinnamon,"#Phishing #Amazon
フィッシングサイト営業中です。ご注意ください。

hxxps://annezom-cco-jp[.]icu/9adeb82fffb5444e81fa0ce8ad8afe7a/signin[.]php
 -&gt; 103.146.22.171

urlscan
https://t.co/OEED8Fm1kL

Google,MS,AVベンダいくつかには通報済、フィッシング対策協議会にはこれから報告します。 https://t.co/tEYuDgnkA9",1.3112648524725494e+18
49,2020-09-30 11:22:13,jackjirou,さっきRTしたやつアマゾンにKindle版があったので載せときます。プライム会員ならKindleアプリDLしたら追加料金無しで読めるよ。◆Casa BRUTUS(カーサ ブルータス) 2020年 9月号 [大人も読みたいこどもの本100] [雑誌] https://t.co/jMh8H3qzMH #Amazon,1.311265085197697e+18
,date,screen_name,tweet,tweet_id
0,2020-09-30 11:08:27,creativemm12,"👉https://t.co/CqFURy0OHU #amazon👈
💯👉Auto Follower👈💯
💯👉#自動相互フォロー👈💯

#固定ツイートRT
#Bad #Bunny #Crocs
#Eric #Trump
#White #Sox
#500ADay
#拡散希望RTお願いします
#followtrick
#固定RT
#固定ツイートRT
#TFB
#bts
#seventeen",1.311261623777022e+18
1,2020-09-30 11:12:45,CoolDealCA,"💲💰
Alvantor 10x10-Foot Screen Can...
#New  price $160

# #Deals #new #Deals #savings #Amazon  #Deal #ganga

 https://t.co/eFLV97iSzC https://t.co/NRmVYbjUV8",1.3112627027073188e+18
2,2020-09-30 11:13:59,amzn_ofertas,"⬇️

Smartphone Xiaomi Redmi 9C - Dual SIM 3GB/64GB - Twilight Blue - Versão Global por Xiaomi via #Amazon

🛒 https://t.co/jtHDhQW5vs
https://t.co/jtHDhQW5vs",1.311263016973992e+18
3,2020-09-30 11:10:10,CoolDealCA,"Black 50-Pack of Face Masks for $16.88!!

#freebies #deals #deal #moneysaver #greatdeal #steals #discount #sale #bargain #bargainhunter #bargainshopper #cheap #bestprice #Amazon  #Deals #giveaway #Deal #ganga

 https://t.co/OEhxtvfgPH https://t.co/e8NSf7dwQS",1.3112620529844634e+18
4,2020-09-30 11:08:34,MaxiChollo,"‍BAJADA DE PRECIO ❗️🔸 #Amazon | #Electrónica 
📣AUKEY Cargador de Coche con 2 puertos USB 36W    

⛔️ PVP: 21,99€
✅ Precio con cupón: 8,80€ 

✂️ CUPÓN: XQYGO7DZ

    ⤵️ Link de compra
    🌐 https://t.co/5vWnOeGOnL

Visto en https://t.co/HGTfnxxDnL https://t.co/WykWk0YeOE",1.3112616515265864e+18
5,2020-09-30 11:08:43,UqPySFDliGTIyXj,"#RT @gcdjchina: Amazon の Fire TV Stick - Alexa対応音声認識リモコン付属 
#Amazon
#FireTVStick
#Alexa
https://t.co/62B6t6edaA",1.3112616915445678e+18
6,2020-09-30 11:10:45,TonyFintech,"♫ Wave your hands in the air, let me know that you're there, when in doubt, oh #payments, call on me ♫ 
@amazon trials palm scanner payments in Seattle: https://t.co/8YBc2hlVDC #Amazon #fintech #biometrics #paytech #innovation https://t.co/p3NlJZDQko",1.311262201697706e+18
7,2020-09-30 11:08:21,angelichanneler,"A quote from my book, From Dark to Light ""a memoir of spiritual awakening "" available on https://t.co/bIrT8EWguX or https://t.co/SJDp3BRFOC #angels #losangelesmedium #massachusettsmedium #spiritualawakening #heaven #medium #author #amazon #amazonauthor #Jesus #MotherMary #saint https://t.co/sWCYJ5T99y",1.3112615974326436e+18
8,2020-09-30 11:11:48,NewsByFar,"Don’t know about y’all but i’m clocking this ASAP 🤩🤩 
Better speakers infused with Alexa 🥰🥰🥰

https://t.co/agnDJwEfky

Get it here for really cheap 👆🏽👆🏽

#Alexa #echo #Amazon #TechNews https://t.co/AymxKDoeFq",1.311262466052182e+18
9,2020-09-30 11:12:37,hispachollos,"🌀 Meinkind Organizador Coche, Impermeable Protector Trasero del Asiento de Coche, Protector Asiento Coche niños, 2 PCS para Bebe, Multi-Bolsillo Organizador Asiento Coche - Tableta de Soporte. #Amazon 🇪🇸

🕘 PRECIO FLASH: 15,99€

💶 Pr ...
https://t.co/jH9fw1KmNl
#chollo",1.3112626711158907e+18
10,2020-09-30 11:10:04,JLCAuthor,"If you have read #One? please do a little review on #Amazon or #goodreads: https://t.co/35ha3z7QWu #amwriting #fiction #contemporaryfiction #trilogy #123trilogy 
🇬🇧 https://t.co/TutFSpQfRf 🇺🇸https://t.co/pRagmZawok",1.311262029949395e+18
11,2020-09-30 11:13:07,kWQyXPvA0qWC7sD,"@bSM2TC2coIKWrlM 昨夜NEWS23に出演し、滔々と何事かを垂れ流していた（すぐにチャンネルを変えたが）のは、奴の勝利宣言だったか💢日本終わった😨
 #竹中平蔵をテレビに出すな   #売国  #日本終了   #amazon  #AWS",1.311262797007782e+18
12,2020-09-30 11:11:09,ClaireLouiseH,Claire Louise: Cottage Floral Cushions https://t.co/D1sY7bIQyw via @Amazon #amazon #amazoninteriors #cushions #floral #cottage #interiordesign #flowers #artist #interiordecor #amazonseller #brand #clairelouise,1.3112623033592955e+18
13,2020-09-30 11:13:51,hikecommerce,"We are in an era of GLOBAL VILLAGE, where people from different languages come together from various walks of life! Happy Translation Day🎊

#HikeCommerce #amazon #amazonprime #amazonseller #InternationalTranslationDay2020 #French #Spanish #Arabic #translation #LanguageMatters https://t.co/u9xEalBpeC",1.3112629817795912e+18
14,2020-09-30 11:14:08,Ronelbestudio1,"#bestselling #lipgloss #lipedema #Amazon #Sales 
Just saw this on Amazon: Burt's Bees 100% Natural Moisturizing Lip Balm by Burt's Bees https://t.co/IieGjUXa7h via @amazon",1.3112630536572027e+18
15,2020-09-30 11:15:00,shadowconn,Commas Save Lives Funny Grammar Shirt by Writing Designs for $14.99 https://t.co/I5nkpOCu7G via #amazon,1.311263269433348e+18
16,2020-09-30 11:12:48,KatieCheshireCT,8 #Amazon Selling Tips for This Year's Q4 #Sales Boom https://t.co/qeSiQllMAC #online #business #Marketing #SEO #EmailMarketing #HIPAA #COVID19 #VITSUSA,1.3112627154496676e+18
17,2020-09-30 11:08:08,amzn_deals_us,https://t.co/8KDMQ3ARA7 ADOLPH Men's Boxer Briefs 5 Pack No Ride-up Breathable Comfortable Cotton Sport Underwear #Amazon #Deal https://t.co/ffX75emNHn,1.311261541396869e+18
18,2020-09-30 11:08:00,Haidji,"Book Quote: ""We all look different but we are all the same."" Click on  https://t.co/AKncdNhzUv #equality #blm #quoteoftheday #quotes #kindleunlimited #bookquotes #read #ebook #ku #paperback #amazon  #inspiration #haidji #goodreads #books #read #reading #Book https://t.co/hchcr2k83z",1.3112615081107497e+18
19,2020-09-30 11:15:34,app_xndr,"GTA IV Cheats app for #kindle #Fire and #FireHD https://t.co/cOuOdThNxK #Amazon September 30, 2020 at 12:15PM",1.311263412375167e+18
20,2020-11-10 19:27:48,amazon,"Shanika, a leader with the Amazon Future Engineer program, fights for equal access to STEM education. She's committed to providing quality, hands-on learning for all students, no matter their zip code or skin color.",1.3262451923539968e+18
21,2020-09-30 11:15:25,Goldenlogos1,"Do you #need #product #packaging #design for your #business, #company #website,, #hospital, , #shop and #ebay #amazon , #shopify store or any other purposes. Here is the best seller on #fiverr Now you are in right place............

https://t.co/pKN4dOs20T",1.3112633760607396e+18
22,2020-09-30 11:11:27,rakten_kaden_,"09/30 20:11

《レビュー書いて洗濯ネットプレゼント★》洗濯機 5
【楽天】20980円
【Amazon】22500円

★楽天で購入すると★
 1520円 お得（お得率7％）

↓お得な情報を一覧で確認出来るサイト
https://t.co/kMQYxgL6Rh

#楽天市場 #Amazon #お得 #せどり https://t.co/1fh6MyE1c5",1.3112623782148465e+18
23,2020-09-30 11:09:36,DamienCAREME,"Non au projet d’entrepôt géant #Amazon à @ensisheim .Il faut en finir avec les projets qui bétonnent, tuent l’emploi et nient la #transition vitale, urgente, indispensable ! Et il faut respecter le travail de la @Conv_Citoyenne et le #moratoire qu’elle demande ! #stopamazon https://t.co/CPgWncuzAP",1.3112619137588142e+18
24,2020-09-30 11:13:08,SolTaylorRdL,"LIBÉLULAS AZULES  
¿Quién mató a Sharon Nichols? Descubre la respuesta a una pregunta que atormenta a #EthanBush 
OFERTA AQUÍ&gt;&gt;&gt; https://t.co/6AfYeMhtqS 
@merylaso 

#kindle #KindleUnlimited #Amazon #leer #thriller #novela #NovelaNegra #ebooks https://t.co/GHokadTbRn",1.3112627990799114e+18
25,2020-09-30 11:10:34,saleago7253246,"Last Chance! Would you like to win a $50 Amazon Gift Card or PayPal Deposit? Check out this easy entry Gleam giveaway for a chance to #WIN

Open Worldwide

@GooseGiveaways #wingiftcard #wincash #amazon #paypal #winmoney #sweepstakes #giveaways https://t.co/5HbTXm3A1w",1.3112621533122683e+18
26,2020-09-30 11:13:08,scottfreebury88,"I just listed: Disney 12363 Pop! Vinyl: Kingdom Hearts: Donald Duck, for £20 via @amazon  https://t.co/fxDl1rZcJ2 #Amazon #FunkoPop #Disney #collectibles #KingdomHearts #Donald #DuckTales #funkouk",1.311262799427928e+18
27,2020-09-30 11:08:43,saba_nari,"キーボード、半月に渡ってかなり悩んだけど、これが決定版だと思ったので買い

・打ち心地最強の静電容量無接点（リアルフォースと同じ）
・プログラムでキーのカスタマイズ可
・キーキャップ（見た目）も変更可。選択肢が広い

AKEEYO 【2020 アップバージョン】NiZ https://t.co/gBeih2LNBr #Amazon",1.3112616886545613e+18
28,2020-09-30 11:15:46,OfertacularRL,"‼️FUNKO ANT-MAN‼️ 👁‍🗨 #funkochollo #Amazon #chollo #oferta #ganga #funko #funkopop

⚫️ Funko- Pop Bobble: Marvel: Ant-Man &amp; The Wasp w/Chase Man and The, Multicolor, Standard (30730)

🛒: ➡️ https://t.co/18Zn3B1meS ⬅️

🟢 https://t.co/SdTO2TTDka https://t.co/hY5IaCjL1X",1.3112634625096417e+18
29,2020-09-30 11:10:40,CoolDealCA,"💲💰
Roblox Desktop Series Collecti...
Reduced from $75.00 to $11.99

# #Deals #new #Deals #Amazon  #Deal #ganga

 https://t.co/99WjXdnGZI https://t.co/315YKO42Yv",1.3112621801557197e+18
30,2020-09-30 11:07:59,AmazonNewsFR,"#AMAZONCAMPUSCHALLENGE
Une expérience entrepreneuriale unique organisée pour les étudiants et les entreprises dans le secteur du e-commerce. Rendez-vous à 15h30 pour la finale !
#amazon #etudiants #entreprises #ecommerce #challengeentrepreneurial #concoursetudiant https://t.co/gplfI02rQl",1.311261503694295e+18
31,2020-09-30 11:07:48,bot_bot365,"Fire TV Stick 4K - Alexa対応音声認識リモコン付属
これで映画も見放題！！

https://t.co/shhxNRECyc

#amazonprime
＃amazon
＃amazonスティック
＃Alexa",1.3112614586599014e+18
32,2020-09-30 11:14:40,ZTt615n,@HarukiKai0628 開さん気づいて〜Amazonほしい物リストを一緒に編集しましょう https://t.co/4ypdWNHldU #Amazon,1.3112631859372114e+18
33,2020-09-30 11:12:39,TheInStockRoom,"***New Deal***
Alvantor 10x10-Foot Screen Can...
New price $160
https://t.co/N9I2Zam1zj
#Deals #newDeals #savings #Amazon https://t.co/MSppBDb7M9",1.3112626780155044e+18
34,2020-09-30 11:13:00,Koepronet,"【Blu-ray】『劇場版 #ハイスクール・フリート』が予約受付中‼️

⭐️#Amazon 限定セットバンドル特典：描き下ろしF3キャンバスアート❗️
⭐️Amazon特典：描き下ろしB3クリアポスター❗️
⭐️メーカー特典：ジャケットイラストA3クリアポスター❗️

ご予約や詳細は▼
https://t.co/UJccKL3NAC
#はいふり",1.311262766460674e+18
35,2020-09-30 11:09:15,chollodescuento,"CHOLLOS y DESCUENTOS ⁣OFERTÓNTaladro Atornillador 18V, TECCPO Taladro Percutor, 60 Nm, 30min Cargador Rápido, 2x 2.0AhBaterías Litio por 72,97€ #Amazon Enlace: https://t.co/2wbssB86IK Código: 22DW6J42 Visto: https://t.co/tssN0Nk1Kg https://t.co/kOMAQSGVVR …",1.3112618218362511e+18
36,2020-09-30 11:10:49,kk7YZzxNsXjqiA2,"AWS最新動向追えてますか？
2020年9月30日20時のAWS関連書籍の売り上げランキングは？

 こちらをチェック↓
 https://t.co/bnYuVI7LIL 

#Amazon #アマゾン #ランキング #AWS #書籍 #参考書 #技術書",1.311262217568809e+18
37,2020-09-30 11:08:24,TamekaMaye,"@AmazonHelp No I haven’t but this isn’t the first time it’s happened and it’s very annoying, moreso when I have an intercom and a SIGNA on the door saying “ring bell for attention”! 🤦🏾‍♀️🙄What’s the best way to reach #amazon directly?",1.311261610137264e+18
38,2020-09-30 11:10:02,ladyarcher1,"Enjoy a captivating and powerful romance. Grab your copy today. Available on paperback/Ebook  FREE on KU.
Freedom  https://t.co/lbU1fRNTqh 
#romance #contemporary #bookbub #goodreads #amazon #kindle #Amazonbooks #womensfiction #KBWorlds https://t.co/JyFMSe2a9j",1.3112620227771392e+18
39,2020-09-30 11:12:13,FisheliciousUK,"Info @HumberBizEd @Morrisons @AmazonUK Morrisons to create 1,000 #jobs across 50 stores as #Amazon same-day delivery service rolls out:  https://t.co/ONQmzhHRbq",1.3112625713208074e+18
40,2020-09-30 11:08:01,ChollosDescubre,"‍BAJADA DE PRECIO ❗️🔸 #Amazon | #Electrónica 
📣AUKEY Cargador de Coche con 2 puertos USB 36W    

⛔️ PVP: 21,99€
✅ Precio con cupón: 8,80€ 

✂️ CUPÓN: XQYGO7DZ

    ⤵️ Link de compra
    🌐 https://t.co/IHmacQ62Da

Visto en https://t.co/HW2VwUc9d2 https://t.co/JUAJ6tRZeG",1.3112615116172616e+18
41,2020-09-30 11:10:13,_i_Ced_,"Payez avec votre main 🖐 
https://t.co/qm8WsBZTK5
#Amazon #amazonpay",1.3112620651060716e+18
42,2020-09-30 11:14:22,ZTt615n,"@HarukiKai0628 開さん気づいて〜😆

Amazonほしい物リストを一緒に編集しましょう https://t.co/4ypdWNHldU #Amazon",1.3112631116602778e+18
43,2020-09-30 11:08:32,sougo_review,"有料グループのメリットは
お金を取ることで

・詐欺が減る
・モチベーションが高まる
・広告投稿者が減る

デメリットはコストのみ

#Amazon #レビュー #アマゾン #副業 #アマゾンレビュー #amazonレビュー #レビュー募集 #レビューアー #レビュー募集",1.3112616431714427e+18
44,2020-09-30 11:08:30,cbqtie82,Check Out This $50 #Amazon #GiftCard #Giveaway #FREEBOOKS #KINDLEUNLIMITED https://t.co/zhzGj1DyXW,1.3112616330130596e+18
45,2020-09-30 11:12:03,KOKOROALMA,"Encuentra ecos de lejanos mundos y sombras del pasado que vuelven para destruirlo todo. ¡Sigue la aventura galáctica! 
El Volumen 3 de la #serie de #cienciaficcion EN ÓRBITAS EXTRAÑAS de @RamonSomoza ya está en #preventa en #Amazon para #Kindle #SciFi
https://t.co/ScAqAvQbDG https://t.co/F6ILM05cEP",1.3112625287568056e+18
46,2020-09-30 11:08:28,CholloLinkES,"‍BAJADA DE PRECIO ❗️🔸 #Amazon | #Electrónica 
📣AUKEY Cargador de Coche con 2 puertos USB 36W    

⛔️ PVP: 21,99€
✅ Precio con cupón: 8,80€ 

✂️ CUPÓN: XQYGO7DZ

    ⤵️ Link de compra
    🌐 https://t.co/5hlVNvtjqJ

Visto en https://t.co/JpQzg3pNYP https://t.co/e9ZGiCfrMd",1.3112616268054774e+18
47,2020-09-30 11:08:08,revsully,"Darn those Pants!
Out of Stock!
#DeedsNotWords
#MegaForce 

Megaforce https://t.co/dDdG1cMhAm #Amazon",1.3112615428606894e+18
48,2020-09-30 11:10:34,TheInStockRoom,"***New Deal***
Roblox Desktop Series Collecti...
Reduced from $75.00 to $11.99
https://t.co/6ySx9gxgeC
#Deals #newDeals #Amazon https://t.co/kxXudz7Qmp",1.3112621557322875e+18
49,2020-09-30 11:15:11,1JaimeLee,"@AFrontlines @CJudicaturaEc #StopAmazonExtraction #AmazoniaSinExtraccion #ProtectTheAmazon #IndigenousLivesMatter #IndigenousPeopleMatter #IndigenousRights #HumanRights #SOSDerrameAmazonia 
PROTECT the #Amazon #Amazonia #JusticeForTheAmazon #Ecuador #PueblosIndígenas",1.3112633164136448e+18
,date,screen_name,tweet,tweet_id
0,2020-09-30 11:05:29,gomme__5,"@ajisai_hanataba 私は旦那さんにコレをプレゼントしました〜☺️
パナソニック ラムダッシュ スキンケアシェーバー/メンズシェーバー... https://t.co/le44zvla41 #Amazon",1.3112608765366518e+18
1,2020-09-30 11:05:00,Tarrako1162,"🔥CHOLLO! #Amazon | #Belleza

📢Calvin Klein One crema hidratante corporal, 250 ml 
#PRIME

   ❌ Antes: 31,20€
   🔥 PRECIO OFERTA: 14,88€🔥 -52%
   🔰 Enlace: https://t.co/0MW81DNyYc https://t.co/zEFipEx1g2",1.3112607535973253e+18
2,2020-09-30 11:06:10,chollosyoferta,"#Chollo #Amazon 69% DESCUENTO Walimex 18422   Flash anular con Rosca en Conector X, Negro

Precio original: 100,66
Precio oferta: 31,52

    👇👇👇👇👇👇👇
👉 https://t.co/9MPlR8SvmS https://t.co/gTrqMUIyyT",1.3112610470057738e+18
3,2020-09-30 11:06:13,iRooah,"#AmazonPrimeDay is cited as a date #smallbusinesses selling on #Amazon can’t afford to ignore. 
This year, consumers will be treated to a $10 credit for buying products off small business sellers. 
#PrimeDay takes place October 13, October 14, 2020.

#Rooah! #Amazon  #Covid19 https://t.co/cGzjXPV82X",1.3112610623989883e+18
4,2020-09-30 11:04:34,KeChollos,"Western Digital My Cloud Home - Almacenamiento En Red NAS de 3 TB, 1 Bahía, Blanco y Gris 
#Amazon #ofertas #chollo #chollos #Tecnología #NAS #WesternDigital #Almacenamiento

💵Precio: 129€ (43%)
🚚Envío: GRATIS
https://t.co/PsJ2MYM4Uu",1.3112606466805187e+18
5,2020-09-30 11:06:46,chollosyoferta,"#Chollo #Amazon Feber Range Rover   Coche eléctrico de batería sport, 12 V (Famosa 8008660)

Precio oferta: 103,95

    👇👇👇👇👇👇👇
👉 https://t.co/Mnwyz5geNv https://t.co/uHjBRHlWL3",1.3112611975939113e+18
6,2020-09-30 11:04:26,hispachollos,"Lijadora Eléctrica, Meterk 13500 RPM Máquina para Pulir Masilla de Lijado de Pared 16pcs Sandpapers Sistema de Recolección de Polvo para Espacios Reducidos Lijado en la Decoración del Hogar  #Amazon 🇪🇸

⚡ Precio con Cupón: 19€

🎯 Cód ...
https://t.co/jQhFdG4cb6
#chollo",1.3112606101816975e+18
7,2020-09-30 11:05:45,Charlie_Cawood,"Jonas Blue - Perfect Strangers #bigtimeradio https://t.co/N76xPoatRr @Charlie_Cawood @BigTimeRadio1 @bigtime_news
 on #Amazon Echo &amp; App https://t.co/c7cZfm4MQo  #Top40 #Music 247 #Worldwide 3 #Radio #Stations 43 #Countries #Interviews #Billboard https://t.co/JiPHr6jZyC  #SUBMI",1.3112609446187172e+18
8,2020-09-30 11:06:19,OfertacularRL,"‼️SAMSUNG 5G‼️ 👁‍🗨 #Ofertacular #Amazon #chollo #oferta #ganga

⚫️ Samsung Galaxy S20 FE 5G

🛒: ➡️ https://t.co/A4612RY5qq ⬅️ https://t.co/IXfvsJjPZf",1.311261086096728e+18
9,2020-09-30 11:05:04,ADVANCEBOOKS777,"AUTORES INDIE AB. Recomienda los libros de la autora
Nadia Ferrán
-CRIATURAS ENCANTADAS DE LA NOCHE I
-CRIATURAS ENCANTADAS DE LA NOCHE II (LA BATALLA DE LOS TRUGOS)
Enlace:
#Amazon https://t.co/ZQIDx18MXk
@MagdaDJG
 
@ADVANCEBOOKS777
 
@JARios_autor https://t.co/3Jr1tQ4z2o",1.3112607720104264e+18
10,2020-09-30 11:06:10,amzn_ofertas,"🚨 Fechadura Digital Shs-h505 Samsung Smart Home por SAMSUNG via #Amazon

De:❎ R$1499.00
 
Por: ✔️ R$999.00

➡️ Oferta Exclusiva Prime

🛒 https://t.co/20k9ij6lsH
https://t.co/20k9ij6lsH",1.3112610469681193e+18
11,2020-09-30 11:04:18,zenya_3,"店でいろんな商品を手に取って見るのも楽しいから、Amazonの定期便を解約した。

#生活用品
#Amazon",1.3112605787788083e+18
12,2020-09-30 11:05:01,BookSizzle,"We publish a variety of interesting #books listed on #amazon: #Architecture #Art #Biographies #Cooking #Health #Mathematics #Music #Nature #Politics #Religion and a variety of class-room tested books for #children.
Visit ➡️ https://t.co/OourUxY1VB
#readers @WParksPublisher",1.311260758953603e+18
13,2020-09-30 11:07:42,katayan0303,"カエルの楽園2020 (新潮文庫) https://t.co/GvvpBHcBrP #Amazon
寓話ということで事実とは異なる部分もあると思う。コロナが単なる騒動ではなく、人類が共通して戦うものになった。そんな中でもボロ儲けをたくらむ輩もいる。リーダーシップやガバナンスが従前以上に重要だろう。",1.3112614351423652e+18
14,2020-09-30 11:05:37,kana_ogawa,"【文房具】ベスト10
コクヨ ホチキス 穴があかない針なしステープラー ハリナックスプレス 白 SLN-MPH105W
https://t.co/xVU0YxcyMr #Amazon",1.311260910619521e+18
15,2020-09-30 11:05:25,LCy5HsI33j4opdL,"キャンプに備えて準備はバッチリですか？
2020年9月30日20時のアウトドア用品売り上げランキングは？

 こちらをチェック↓
 https://t.co/1TP1uTw4MA 

#Amazon #アマゾン #ランキング #アウトドア #キャンプ",1.3112608588324905e+18
16,2020-09-30 11:05:04,ADVANCEBOOKS777,"AUTORES INDIE AB. Recomienda los libros de la autora
Nadia Ferrán
-CRIATURAS ENCANTADAS DE LA NOCHE I
-CRIATURAS ENCANTADAS DE LA NOCHE II (LA BATALLA DE LOS TRUGOS)
Enlace:
#Amazon https://t.co/ZQIDx18MXk
@MagdaDJG
 
@ADVANCEBOOKS777
 
@JARios_autor https://t.co/LHh4Rl0QYI",1.3112607723292385e+18
17,2020-09-30 11:05:04,MagdaDJG,"AUTORES INDIE AB. Recomienda los libros de la autora
Nadia Ferrán
-CRIATURAS ENCANTADAS DE LA NOCHE I
-CRIATURAS ENCANTADAS DE LA NOCHE II (LA BATALLA DE LOS TRUGOS)
Enlace:
#Amazon https://t.co/sW1vAKoaJf
@MagdaDJG
 
@ADVANCEBOOKS777
 
@JARios_autor https://t.co/vrnQ4AhhlW",1.3112607723292836e+18
18,2020-09-30 11:04:02,toccho_assetM,"【Amazon＆無在庫＆自動ツール 登場！】もうあなたは価格差を探す作業をする必要はなくなりました。

https://t.co/PBln3IAILE

余った時間で、どう過ごしますか？

#Amazon #せどり　#自動ツール　#無在庫　#自動出品　#ツール　#副収入　#仕事　#副業",1.311260512697557e+18
19,2020-09-30 11:06:34,taoruman_ch2,"#Amazon
#iTunes
#ギフトカード
#プレゼント企画
#懸賞",1.3112611477151007e+18
20,2020-09-30 11:07:23,Logistiek_nl,Zo gevaarlijk zijn robot dc’s  Amazon: onthullingen over ongelukken  #Amazon https://t.co/w0KGpEayj3,1.311261354196693e+18
21,2020-09-30 11:07:24,cocoroco_staff,"ココロコの名入れバスタオルのカタログギフトはアマゾンからも購入いただけます！

出産祝いの今治製お名前入りバスタオル（120cm×70cm）カタログギフト
https://t.co/1c8vmRls1D
＃amazon #アマゾン #出産祝い",1.311261359095472e+18
22,2020-09-30 11:07:03,AuthorCharles,"""Echoes from The Past"", buried, but not deep enough
What happens when your past finally catches up with you?
https://t.co/pB1Hv47V32
#readindie #indieauthors #indiebooks #indiebooksource 
#retweet #rt #amazon #kindle",1.3112612698868654e+18
23,2020-09-30 11:06:27,rakten_kaden_,"09/30 20:06

【pickup★item】IHクッキングヒーター 
【楽天】4580円
【Amazon】4748円

★楽天で購入すると★
 168円 お得（お得率4％）

↓お得な情報を一覧で確認出来るサイト
https://t.co/kMQYxgL6Rh

#楽天市場 #Amazon #お得 #せどり https://t.co/vwa5DWL8P6",1.3112611171344302e+18
24,2020-09-30 11:05:22,kana_ogawa,"【文房具】ベスト10
ZHOUHAI卓上そうじ機 USB充電式 卓上クリーナー デスクトップ掃除機 静音 勉強机 キーボード 除塵 紙屑 粉ミルク鉛筆削り ゴミ 強吸引力 事務所のテーブル、キーボード、家具の表面、座布団などの掃除にご使用いただけます 学生 文房具 …
https://t.co/XuEgVIBd9U #Amazon",1.3112608446892237e+18
25,2020-09-30 11:07:22,mikasui_nogi,"滝沢歌舞伎】
滝沢歌舞伎 ZERO

DVD通常盤

#滝沢歌舞伎 #snowman ＃amazon

https://t.co/y2KtFQHzhQ",1.3112613499057193e+18
26,2020-09-30 11:05:21,JARios_autor,"AUTORES INDIE AB. Recomienda los libros de la autora
Nadia Ferrán
-CRIATURAS ENCANTADAS DE LA NOCHE I
-CRIATURAS ENCANTADAS DE LA NOCHE II (LA BATALLA DE LOS TRUGOS)
Enlace:
#Amazon https://t.co/WIpZpVTlEI
@MagdaDJG
 
@ADVANCEBOOKS777
 
@JARios_autor https://t.co/i4YPs0Nvt7",1.31126084018056e+18
27,2020-09-30 11:05:27,kana_ogawa,"【文房具】ベスト10
プラス 収納ボックス リビングポストIIY4L クリームホワイト LP-201Y4-L 85-663
https://t.co/I8IT7eLFkl #Amazon",1.3112608669861437e+18
28,2020-09-30 11:06:03,INDIEBOOKSOURCE,"BROWSE FREE FROM HOME
THE GREAT ESCAPE....
https://t.co/VCaDtarBBT 
Shop by genre, meet authors &amp; buy direct
#Books #Authors #IARTG #Reading #Kindle #Amazon #indieauthors #ian1 #Londonislovinit #bookboost #mybookagents @Splatland @HollowManSeries @JessSFrankel @Tammysdragonfly https://t.co/J2SfdyAWzb",1.3112610204139807e+18
29,2020-09-30 11:05:04,MagdaDJG,"AUTORES INDIE AB. Recomienda los libros de la autora
Nadia Ferrán
-CRIATURAS ENCANTADAS DE LA NOCHE I
-CRIATURAS ENCANTADAS DE LA NOCHE II (LA BATALLA DE LOS TRUGOS)
Enlace:
#Amazon https://t.co/sW1vAKoaJf
@MagdaDJG
 
@ADVANCEBOOKS777
 
@JARios_autor https://t.co/3MngxAAXB2",1.3112607723250975e+18
30,2020-09-30 11:06:08,amzn_deals_de,"https://t.co/FSdd98aFgb Vicloon Regenschirm, Taschenschirm Schützen vor Sturm Wind Regen und UV-Strahlung für Reisen und Auto Outdoor #Amazon #Deal https://t.co/L5JCTmeQn1",1.3112610382104125e+18
31,2020-09-30 11:06:22,creativemm12,"👉https://t.co/djJky0iGJj  #amazon👈
💯👉Auto Follower👈💯
💯👉#自動相互フォロー👈💯

#TFW
#Astros
#Titans
#National #Coffee #Day
#TeamFollowback
#拡散希望RTお願いします
#TeamFollowBack
#固定RT
#FollowBack
#TFB
#相互RT
#相互リツイート",1.3112610981301166e+18
32,2020-09-30 11:05:48,kana_ogawa,"【文房具】ベスト10
Anyasun デスクオーガナイザー 小物収納ボックス PUレザー ペン立て 小物入れ リモコンラック 卓上収納ボックス リモコンスタンド 文房具整理 メイク小物収納 机上用 多機能収納 黒 (タイプCブラック)
https://t.co/MC8dwMRmS0 #Amazon",1.3112609544919409e+18
33,2020-09-30 11:06:25,chollosyoferta,"#Chollo #Amazon Krups ka2535 Robot de cocina Master Perfect Plus, 4 L, 700 W, incluye accesorios, acero inoxidable/rojo

Precio oferta: 131,68

    👇👇👇👇👇👇👇
👉 https://t.co/90NEcFHRBA https://t.co/BZOwhkWu9p",1.3112611086285824e+18
34,2020-09-30 11:05:01,kana_ogawa,"【文房具】ベスト10
ナカバヤシ ライフスタイルツール 小物入れ 収納ボックス ファイルA4 ワインレッド LST-FA4WR
https://t.co/qm4JpEXndL #Amazon",1.3112607563613757e+18
35,2020-09-30 11:05:06,kana_ogawa,"【文房具】ベスト10
マックス ホッチキス シリコンカバー みずべのいきもの サメ HD-10NX/S SH
https://t.co/0CU3fRHph9 #Amazon",1.3112607787715707e+18
36,2020-09-30 11:06:33,chollosyoferta,"#Chollo #Amazon Pulsar Reloj Analógico para Hombre de Cuarzo con Correa en Piel PM3137X1

Precio oferta: 52,75

    👇👇👇👇👇👇👇
👉 https://t.co/twRPcZ3jv0 https://t.co/4sOemLGhWk",1.3112611448923587e+18
37,2020-09-30 11:06:18,lootupdates4u,"Boxing Hand Wraps 160.

https://t.co/bIJTmZxypM

50% Off On Luxury Perfume &amp; Body Spray.

https://t.co/txzwnGOP2r https://t.co/b672b1kRtd and stock are subject to change #amazon #dealoftheday #flipkart #loot #coronavirus",1.3112610804973363e+18
38,2020-09-30 11:05:11,kana_ogawa,"【文房具】ベスト10
ゼブラ 水性ペン クリッカート LT12色セット WYSS22-12CLT
https://t.co/n7ZjM4YCjP #Amazon",1.3112608008420393e+18
39,2020-09-30 11:05:29,ITmanagerSlife,#Automate #Code #Performance Reviews with #AWS CodeGuru via @cloudsavvyit - https://t.co/XlBYSzv1fp #Amazon,1.3112608774342574e+18
40,2020-09-30 11:07:26,kimura_books,このtwitterを介してお買い物していただいた方、ありがとうございます。また、よろしくお願いします。 #books #amazon,1.3112613654162883e+18
41,2020-09-30 11:06:02,Haterumack,"アマゾンカスタマーセンターから、未納の何とかがあり、法的措置に入るというSMSが来た。

これって、詐欺だよね？

#Amazon",1.3112610160307569e+18
42,2020-09-30 11:05:05,JARios_autor,"AUTORES INDIE AB. Recomienda los libros de la autora
Nadia Ferrán
-CRIATURAS ENCANTADAS DE LA NOCHE I
-CRIATURAS ENCANTADAS DE LA NOCHE II (LA BATALLA DE LOS TRUGOS)
Enlace:
#Amazon https://t.co/WIpZpVTlEI
@MagdaDJG
 
@ADVANCEBOOKS777
 
@JARios_autor https://t.co/EqeRC5u7Dj",1.3112607733149737e+18
43,2020-09-30 11:05:16,kana_ogawa,"【文房具】ベスト10
リヒトラブ 寝ころび ポーチ ペンギン A7780-10
https://t.co/5Wu7MJrL23 #Amazon",1.3112608227782533e+18
44,2020-09-30 11:04:11,chollodescuento,"New post in CHOLLOS y DESCUENTOS: ⁣OFERTÓNTaladro Atornillador 18V, TECCPO Taladro Percutor, 60 Nm, 30min Cargador Rápido, 2x 2.0AhBaterías Litio por 72,97€ #Amazon

Enlace: https://t.co/2wbssAQvRc
Código: 22DW6J42

Visto: https://t.co/tssN0NBD8Q https://t.co/kOMAQSpl4j",1.311260550240899e+18
45,2020-09-30 11:05:43,kana_ogawa,"【文房具】ベスト10
コクヨ バッグインバッグ ツールペンスタンド ハコビズ ブラック カハ-HB11D
https://t.co/BEEetglPu1 #Amazon",1.3112609325850542e+18
46,2020-09-30 11:06:17,FintechDirect,Sweetness in Seattle? @amazon trials palm scanner payments: https://t.co/8uFReTsCsv #Amazon #fintech #biometrics #paytech #payments #innovation,1.3112610785050378e+18
47,2020-09-30 11:05:03,sakurabaaa_g,"書きました！！

 大人気！！

Amazon echoで自宅のテレビなどのリモコン付家電を操作する方法をまとめました。

 #amazon #アマゾン #echo #テレビ #操作 #firetv #招待 
https://t.co/BPfbRIWIjZ",1.3112607670945997e+18
48,2020-09-30 11:06:03,AlfredodeCandi1,"Durante tutto l'anno uscirà il mio #progetto #editoriale, #gratis con #Amazon #Kindle #Unlimited

Ogni mese ci saranno 2 libri diversi ma complementari riguardo diverse tematiche, anche #blockchain e #crypto.

Selezionato per il #premioletterario2020

 https://t.co/Gy6dly1EZn",1.3112610204768911e+18
49,2020-09-30 11:06:46,XperienceDope,"Blasting 21 Savage, Summer Walker - Secret (Radio) right now on Pretty Dope Xperience Radio aka #BlackPandora

listen now and catch a wave!! https://t.co/VqKFopeoex  #nowplaying #np #RT  #NowStreaming #Streema Download Now #Alexa #GooglePlay #iOSAppStore #Amazon #",1.3112611984831734e+18
,date,screen_name,tweet,tweet_id
0,2020-09-30 11:01:06,CholloLinkES,"‍SUPER PRECIO ❗️🔸 #Amazon | #Zapatos
📣Nike Downshifter 10, Running Shoe Mens

⛔️ PVP: 37,95€ 
 ✅PRECIO OFERTA: 34,15€ 

📏 Todas las tallas

   ⤵️ Link de compra
   🌐 https://t.co/2mUEstc8Qt

Visto en https://t.co/JpQzg3pNYP https://t.co/w2NWKihJbL",1.3112597721680896e+18
1,2020-09-30 11:03:47,iPhonemac_,KindleにiPhone端末が認識されず買った電子書籍が配信されないときの解決法 https://t.co/zzVhm2WaR3 #amazon #kindle #iPhone #ipad #電子書籍,1.3112604477570662e+18
2,2020-09-30 11:02:01,Donaldverger,🌈 LOVE - Rainbow Sea Glass Heart Poster Print. 11x14 Great for Framing... https://t.co/MxNRZWesN2 #Amazon #seaglass #LGBTQ,1.3112600040166892e+18
3,2020-09-30 11:03:12,amzn_deals_de,"https://t.co/uhk1z4fz4Z Rankie Verbindungskabel, Mini HDMI auf HDMI, 4K Hochgeschwindigkeits Kabel, 1,8m, Schwarz #Amazon #Deal https://t.co/PEyJjHdYHj",1.3112603013173453e+18
4,2020-09-30 11:03:39,luca_1008_,"DALLOYAU ダロワイヨ マカロン詰合せ（6個入） https://t.co/yoGxesw9lr #Amazon
ダロワイヨのマカロンはまじで美味しいし、柑橘系フレーバーがほんとにおすすめだから、販売店に行って小売してるやつ試しに買ってほしいまである。",1.3112604152429036e+18
5,2020-09-30 11:00:43,yuki_nagase,"【オフィス家具】ベスト10
届け先法人限定 オフィスコム オフィスデスク 事務机 スチールデスク 平机 幅1000×奥行700mm ホワイト OC-SD107H-WH
https://t.co/i9Yls5g9fn #Amazon",1.3112596746881188e+18
6,2020-09-30 11:02:23,MenudoPaquete,"🌟 [𝗠𝗲𝗻𝘂𝗱𝗼 𝗣𝗮𝗾𝘂𝗲𝘁𝗲] 🌟

🔊 Newdora Paraguas Plegable Automático Impermeable 10 Armazones de Metal Compacto Resistencia con #amazon

🌍 Enlace: https://t.co/lV2M1hnK4A

Te esperamos en telegram: https://t.co/IbEojfZpa4 https://t.co/jxhLoAO5th",1.311260095016325e+18
7,2020-09-30 11:01:00,IJRMktg,"Many firms are considering using third-party platforms for  sales, but are worried about cannibalization. Maier &amp; Wieringa show that in the short term this partnership can be beneficial, but could have a long-term negative effect.

#onlinesales #amazon

https://t.co/3rRAY4QG36",1.3112597478956073e+18
8,2020-09-30 11:03:57,DeToNator_GG,"【DTN #Amazon】

""Amazon Gaming Store"" へ行こう‼️

ゲーミングデバイスをはじめ、ゲームをより楽しむための情報がカテゴリー別に分けられています👀✨

今すぐチェック！https://t.co/K6RDTHKdMW https://t.co/B1DvAkuKZt",1.3112604882572943e+18
9,2020-09-30 11:00:32,yuki_nagase,"【オフィス家具】ベスト10
GTRACING ゲーミングチェア オフィスチェア デスクチェア ゲーム用チェア リクライニング パソコンチェア ハイバック ヘッドレスト ランバーサポート ひじ掛け付き 高さ調整機能 PUレザー レッド(GT099-red)
https://t.co/ipCcO95n8l #Amazon",1.3112596304507986e+18
10,2020-09-30 11:01:32,sowyourmoney,"Yes!! This program is offering similar #earningways to #Amazon, dividing work on large projects to larger teams of cloud workers.
Check out the whole guide here: https://t.co/4iFee60Fw9

#Clickworker #legitway #makeMoneyFromHome #sowyourmoney https://t.co/imYqi1rYao",1.3112598812031713e+18
11,2020-09-30 11:02:07,edanyzia,"Nessa Primavera descubra se é possível reviver um amor há muito esquecido ... SQN  😂🌼💮❤️

#asestacoesdoamor #embreve #Amazon https://t.co/3spC8YZUDQ",1.3112600299919565e+18
12,2020-09-30 11:02:33,elsuperchollo,"💥 Corre que vuelan 🏃‍♂️🏃‍♂️ #Amazon 

Levi´s Vaquero 505 Regular Fit 

Ofertita de la buena ✨ 38% 

💵 Precio desde 55,99 EUR (Amazon Prime)

🔰 Enlace: https://t.co/EMzsDMVaA3 

🌐 https://t.co/OgAST798n7 https://t.co/QGl4cRMC6Z",1.3112601357974692e+18
13,2020-09-30 11:01:18,digitalflagship,#Amazon announced on September 29 the launch of a new service called Amazon Explore https://t.co/S6WN4IrMHC,1.311259823946838e+18
14,2020-09-30 11:00:29,9xW4hkYPgZrlAzS,"今日もお金の知識を増やしましょう！
2020年9月30日20時のお金に関する書籍の売り上げランキングは？

 こちらをチェック↓
 https://t.co/mGOysUPnlD 

#Amazon #アマゾン #ランキング #書籍 #お金 #投資 #金融 #株 #FX #トレード #不動産",1.3112596177588306e+18
15,2020-09-30 11:03:57,elsuperchollo,"📌 Chollazo 💥💥 #Amazon 

Lightweight Signature Colour-Blocked Trn, Zapatillas Deportivos para Hombre 

⬇⬇⬇ Bajón del 48% 

💵 Precio desde 41,22 EUR (Amazon Prime)

🔰 Enlace: https://t.co/JKawPTyqOf 

🌐 https://t.co/RUzdlR3wsH https://t.co/2NstjMRlMm",1.3112604917555323e+18
16,2020-09-30 11:00:59,Larosebleue_,ディオール♡　クリスチャン・ディオール カプチュールトータルワンエッセンシャル 50ml https://t.co/AWJT7TxUKE　#Dior #beauty #cosme #Amazon,1.311259743349076e+18
17,2020-09-30 11:02:21,OnlyGearBest,"🌟 [𝗢𝗻𝗹𝘆 𝗚𝗲𝗮𝗿𝗯𝗲𝘀𝘁] 🌟

🔊 Newdora Paraguas Plegable Automático Impermeable 10 Armazones de Metal Compacto Resistencia con #amazon

🌍 Enlace: https://t.co/4To5Zw1OcA

Te esperamos en telegram: https://t.co/mPaN5u2fFj https://t.co/jOds1ad1mV",1.3112600866864374e+18
18,2020-09-30 11:00:54,elsuperchollo,"💥 Super Precio!!! 💥 #Amazon 

Boxer Interior Hombre Pack de 3 

Al rico chollo oiga❗❗ 35% 

💵 Precio desde 27,95 EUR

🔰 Enlace: https://t.co/8vVQhGSwzI 

🌐 https://t.co/eMvUsFysJo https://t.co/GiUZP5jEh9",1.3112597231954452e+18
19,2020-09-30 11:00:48,yuki_nagase,"【オフィス家具】ベスト10
LOWYA 書類チェスト フロアケース 書類ケース A4 軽量 キャスター スチール 8段 ブラック
https://t.co/ar6CsZgqs9 #Amazon",1.3112596966117704e+18
20,2020-09-30 11:01:08,amzn_deals_de,https://t.co/wx5QVDJTht KitchenBoss cutter bags 5m #Amazon #Deal https://t.co/894NLCSL1t,1.31125977990246e+18
21,2020-09-30 11:02:22,reinadellowcost,"🌟 [𝗟𝗮 𝗿𝗲𝗶𝗻𝗮 𝗱𝗲𝗹 𝗟𝗼𝘄𝗰𝗼𝘀𝘁] 🌟

🔊 Newdora Paraguas Plegable Automático Impermeable 10 Armazones de Metal Compacto Resistencia con #amazon

🌍 Enlace: https://t.co/ECITFsff7M

Te esperamos en telegram: https://t.co/Jxndx9pJCJ https://t.co/54vHVmVzkl",1.3112600911072256e+18
22,2020-09-30 11:00:51,MaxiChollo,"‍SUPER PRECIO ❗️🔸 #Amazon | #Zapatos
📣Nike Downshifter 10, Running Shoe Mens

⛔️ PVP: 37,95€ 
 ✅PRECIO OFERTA: 34,15€ 

📏 Todas las tallas

   ⤵️ Link de compra
   🌐 https://t.co/kO7CdI2pGk

Visto en https://t.co/HGTfnxg2wd https://t.co/XdnRCKZl0q",1.3112597077520138e+18
23,2020-09-30 11:03:26,investonline_in,"#marketupdate

- The Indian benchmark indices Sensex and Nifty ended on a flat note on Wednesday after gains from FMCG, pharma and IT stocks were capped by metal and PSU bank indices.

#News #InvestOnline #ecommerce #Amazon #incometax #Nifty #Sensex #SEBI #IndianCurrency",1.3112603602051523e+18
24,2020-09-30 11:00:37,yuki_nagase,"【オフィス家具】ベスト10
NEOLEAD 座椅子型 2WAY ゲーミングチェア ファブリック ハイバックチェア 3Dアームレスト RACING ゲーム オフィス パソコン 椅子 チェア リクライニング フルフラット ヘッドレスト ランバーサポート ハイバックシート (アイボリー)
https://t.co/rLJYCEKjTw #Amazon",1.3112596523661066e+18
25,2020-09-30 11:03:33,renealbers1618,Zo maar 2 stukken in @nrc over #ai #privacy en het gebruik van #algoritmen in ons dagelijks even: #amazon en #blocklists . Wanneer worden we wakker??,1.3112603891166085e+18
26,2020-09-30 11:02:49,Donaldverger,Of Love and Sea Glass: Inspirational Quotes and Treasured Gifts From... https://t.co/DgzndA4ZMR #Amazon,1.311260202692481e+18
27,2020-09-30 11:01:51,CoolDealCA,"💲💰
PUR 100% Xylitol Chewing Gum, ...
Reduced from $5.99 to $2.32

# #Deals #new #Deals #Amazon  #Deal #ganga

 https://t.co/fvrA8oErVS https://t.co/m6Uh2n7VPd",1.3112599606139658e+18
28,2020-09-30 11:01:53,TEDxLakeComo,"Amazon e il nuovo progetto di far pagare con un palmo di mano 
#AmazonOne #Amazon 
https://t.co/OFOmCk0PGA",1.3112599685035336e+18
29,2020-09-30 11:00:30,shinchaku,【発売日：2020/09/10】ヤングジャンプ 2020 No.41  https://t.co/AZvGJw60bL #amazon,1.3112596233164882e+18
30,2020-09-03 18:26:48,LenovoLegion,"Lenovo Legion x @PlayApex
Now is your chance to rise above the rest. 
Unmatched performance, purposeful engineering, modern design.
Gear up with a machine as savage as you are.
Stylish outside.
Savage inside.",1.301587465258578e+18
31,2020-09-30 11:01:02,Varihanshop,"💥خصم 80٪💥على لوحة مفاتيح للألعاب مع ماوس للكمبيوترات المحمولة 😍🎉🎊
السعر الاساسي: 129.99💲
بعد الخصم: 25.99💲😍💥🎉🎊

كوبون الخصم  80BPTLDC

 العرض فترة محدودة 👇🏻

https://t.co/QgeLSg3mhc

#عرض_خصم_على_لوحة_مفاتيح_مع_ماوس
#على_متجر_امازون 
#amazon https://t.co/wlHKZulQwo",1.3112597550007992e+18
32,2020-09-30 11:00:29,shinchaku,【発売日：2020/09/18】異世界でカフェを開店しました。９ (レジーナCOMICS)  https://t.co/egKJq90dsz #amazon,1.3112596173563863e+18
33,2020-09-30 11:03:17,INTsushinsha,"『経営の条件: 会社存亡の危機から脱したときに得たもの』【Kindle版】
https://t.co/KG53KGLdBs #Kindle #Amazon #電子ブック #冠婚葬祭 #互助会 #ウェディング #葬儀 #エンバーミング",1.3112603227793777e+18
34,2020-09-30 11:03:05,johnhartness,"Over 1,000 pages of Dark #Fantasy #ebook badassery in 1 book! #Supernatural fans love these #kindleunlimited #ebooks! Check out Dracula's immortal fireball-flinging nephew Quincy Harker today! All the demons, all the f-bombs, all the ass-kicking. https://t.co/uXIgAA4oTj #Amazon https://t.co/7TAs1lsoYm",1.3112602722045788e+18
35,2020-09-30 11:00:29,shinchaku,【発売日：2020/09/25】魔導具師ダリヤはうつむかない　～今日から自由な職人ライフ～　5 (MFブックス)  https://t.co/Nznsyj8mC7 #amazon,1.3112596185768264e+18
36,2020-09-30 11:02:28,00ochan,"キャプテンスタッグ(CAPTAIN STAG) キャンプ バーベキュー ダッチオーブン 鉄鋳物 シーズニング不要 https://t.co/VzRnM1WnQ9 #Amazon
こんなのあったらソロキャンでの料理の幅が広がる",1.3112601146035282e+18
37,2020-09-30 11:00:30,shinchaku,【発売日：2020/09/09】別冊少年マガジン 2020年10月号 [2020年9月9日発売] [雑誌]  https://t.co/PBNy6OBsgC #amazon,1.311259620900569e+18
38,2020-09-30 11:03:32,Donaldverger,"2021 Aqua Sea Glass Heart, Elegant One Page, Fine Art Wall/Desk Arti... https://t.co/oYALMfCC00 #Amazon #2021 #calendar #seaglass",1.3112603865119826e+18
39,2020-09-30 11:01:49,hispachollos,"Multímetro Digital, Tacklife DM02A Polimetro autorango-2000 counts polimetro Rango automático con NCV, volimetro de retroiluminación LCD, tester eletrico con retención de datos  #Amazon 🇪🇸

⚡ Precio con Cupón: 9,99€

🎯 Código cupón:  ...
https://t.co/8odxkqXUhZ
#chollo",1.3112599513446154e+18
40,2020-09-30 11:01:08,voz_populi,La #CNMC concluye que #Amazon realiza labores de operador postal y debe cumplir la ley https://t.co/uje6g2KnKC,1.3112597790802944e+18
41,2020-09-30 11:03:50,AutoresConecta2,"Nuestra compañera @Roxioft  nos deja otra de sus obras en trailer para que podamos abrir boca. 
https://t.co/wnD26Rtmpd
Descubre Buscando respuestas en #Amazon https://t.co/PmHc5fzhLZ
#rociodelgado #buscandorespuestas #autoresconectados #libros #lecturas.  via @YouTube",1.311260459652313e+18
42,2020-09-30 11:03:11,SolTaylorRdL,"Una historia. Una aventura. ¿Un comienzo? 
No te quedes con la duda... atrévete a dar un paso como Carmina y sorpréndete con lo que te trae el destino 🥰

Link 👉 https://t.co/iWEu213nDM

#kindle #KindleUnlimited #Amazon #ebook #romantica #comedia #humor #romance #leer #novela https://t.co/hx3wNxpWuO",1.3112602985574318e+18
43,2020-09-30 11:01:12,ChollosDescubre,"‍SUPER PRECIO ❗️🔸 #Amazon | #Zapatos
📣Nike Downshifter 10, Running Shoe Mens

⛔️ PVP: 37,95€ 
 ✅PRECIO OFERTA: 34,15€ 

📏 Todas las tallas

   ⤵️ Link de compra
   🌐 https://t.co/Phm5SsCpBi

Visto en https://t.co/HW2VwUc9d2 https://t.co/HNdQ6Z3XOC",1.3112597993514476e+18
44,2020-09-30 11:02:16,hispachollos,"🌀 LG 32QK500-C, Monitor Profesional QHD de 80 cm (31.5"") con Panel IPS (2560 x 1440 píxeles, 16:9, 300 CD/m², NTSC &gt;72%, 1000:1, 8 ms, 75 Hz, DPx1, mDPx1, HDMIx2, Auriculares) Color Negro y Blanco. #Amazon 🇪🇸

💶 Precio oferta: 229€ 💥 ...
https://t.co/ehQq5F8xBN
#chollo",1.3112600681727058e+18
45,2020-09-30 11:01:45,TheInStockRoom,"***New Deal***
PUR 100% Xylitol Chewing Gum, ...
Reduced from $5.99 to $2.32
https://t.co/nEeedOWFmr
#Deals #newDeals #Amazon https://t.co/89FTIGYkZG",1.311259935309734e+18
46,2020-09-30 11:01:55,pegasuspublish,"Barley The #Bear 🐻 Stories by Sarah Fiander Harrison is now live on #Amazon as a #Kindle #book. Make sure to check it out through the link below; 

https://t.co/5voCxIfrpi https://t.co/033hIp3rrA",1.311259978150314e+18
47,2020-09-30 11:00:43,iBlogster,"Amazon Alexa In Hindi Come On Smartphone It Is Valuable 2021? Or Next Century

Read Article: https://t.co/YOAJLk27AX

#Amazon #AmazonMusic #AmazonAlexa #VoiceAssistant #AmazonIndia #BusinessInsider #iBlogster #smartiblogster #iBlogsterNews #technews https://t.co/627woDumK2",1.3112596758038364e+18
48,2020-09-30 11:00:30,shinchaku,【発売日：2020/09/09】異世界でスキルを解体したらチートな嫁が増殖しました 概念交差のストラクチャー(6) (ドラゴンコミックスエイジ)  https://t.co/qNUBNZasyv #amazon,1.3112596221588603e+18
49,2020-09-30 11:01:26,rakten_kaden_,"09/30 20:01

トヨトミ　対流式石油ポータブルストーブ　レインボー
【楽天】23800円
【Amazon】27644円

★楽天で購入すると★
 3844円 お得（お得率16％）

↓お得な情報を一覧で確認出来るサイト
https://t.co/kMQYxgL6Rh

#楽天市場 #Amazon #お得 #せどり https://t.co/NUTV2L0bzW",1.31125985503488e+18
,date,screen_name,tweet,tweet_id
0,2020-09-30 11:00:00,BaratoDeVerdad,"No te pierdas esta sudadera #marca #UnderArmour

🔹 Para hombre
🔹 Incorpora capucha y bolsillo tipo canguro

¡Desde apenas 17 💶!

🏪 En #Amazon

CONSÍGUELA ➡️ https://t.co/SlNYDRKIU4

#Moda #ropa https://t.co/p2MT6xKbK1",1.3112594978313134e+18
1,2020-09-30 11:00:02,YabRock,Blue Lighting / #YngwieMalmsteen https://t.co/JldXKmFYRv #HardRock #HeavyMetal #アマゾン #Amazon #AmazonJP,1.3112595060393492e+18
2,2020-09-30 10:55:37,kuwataro,"コーカサスの虜 [DVD] https://t.co/AMCDtz5JlC #Amazon

久しぶりに見たいな。",1.3112583911891845e+18
3,2020-09-30 10:55:00,shadowconn,Today's Forecast 100% Chance Of Writing Fun... by KMDTees for $21.99 https://t.co/7CxcyLB1Wm via #amazon,1.311258236226601e+18
4,2020-09-30 11:00:22,XperienceDope,"Blasting Diddy, Keyshia Cole - Last Night (Club) right now on Pretty Dope Xperience Radio aka #BlackPandora

listen now and catch a wave!! https://t.co/VqKFopeoex  #nowplaying #np #RT  #NowStreaming #Streema Download Now #Alexa #GooglePlay #iOSAppStore #Amazon #",1.3112595892629463e+18
5,2020-09-30 11:00:20,shinchaku,【発売日：2020/09/03】Number(ナンバー)1010号「藤井聡太と将棋の天才」 (Sports Graphic Number(スポーツ・グラフィック ナンバー))  https://t.co/WHzpxOHzga #amazon,1.3112595803919933e+18
6,2020-09-30 11:00:27,shinchaku,【発売日：2020/09/30】せっかくチートを貰って異世界に転移したんだから、好きなように生きてみたい THE COMIC 4 (ライドコミックス)  https://t.co/h1SC7kdJ70 #amazon,1.3112596075836662e+18
7,2020-09-30 11:00:02,AH0RRAC0M0NUNCA,"No te pierdas esta sudadera #marca #UnderArmour

🔹 Para hombre
🔹 Incorpora capucha y bolsillo tipo canguro

¡Desde apenas 17 💶!

🏪 En #Amazon

CONSÍGUELA ➡️ https://t.co/6SZL7G3orD

#Moda #ropa https://t.co/uayc9yeHbL",1.3112595029609308e+18
8,2020-09-30 10:58:05,amzn_deals_de,https://t.co/QjUetJn7jN Rubik’s Cube 3x3 – Der Original 3x3x3 Zauberwürfel Klassiker Knobelspiel mit Beutel #Amazon #Deal https://t.co/LWwIn50hUG,1.3112590127684362e+18
9,2020-09-30 11:00:00,SandorGerendasK,"Preguntas sobre la #EnergíaSolar
Prueba tus conocimientos y responde antes de hacer clic en: https://t.co/USWx1yuaA0 SGK-PLANET #CambioClimatico #EmergenciaClimática #MedioAmbiente #Sostenibilidad #CalentamientoGlobal #Amazon  #CrisisClimática https://t.co/nmS72zBPIT",1.311259494605783e+18
10,2020-09-30 11:00:20,shinchaku,【発売日：2020/09/16】突然ですが占ってもいいですか? PRESENTS とにかく運がよくなりたい! (扶桑社ムック)  https://t.co/qJA5GbQKn7 #amazon,1.3112595782025544e+18
11,2020-09-30 10:56:43,koichan39813901,"ハイランダーものじゃないけど、プライドが高いヒーローが最後にヒロインのために行動するのが可愛くて切なくて。珍しい時代設定で、すごい面白かった。もう中古も売ってないんだなー。痛恨。

恋と剣 (ハーレクイン文庫) https://t.co/R8OiBVK8K1 #Amazon https://t.co/vACJHknLX0",1.3112586700097782e+18
12,2020-09-30 11:00:22,yuki_nagase,"【オフィス家具】ベスト10
プラス オフィスデスク パソコンデスク 平机 SH-127H 天板木目/本体ブラック 643-729
https://t.co/ACZNsiSxwJ #Amazon",1.3112595861631672e+18
13,2020-09-30 11:00:21,KeChollos,"Estantería Metálica 
#Amazon #ofertas #chollo #chollos #Hogar #Estantería #Almacenamiento

💵Precio: 29.99€ (34%)
🚚Envío: GRATIS
https://t.co/VYA7ICQe9l",1.3112595823087165e+18
14,2020-09-30 10:56:06,amzn_deals_de,"https://t.co/qmrpGxfZjH NAVANINO Nageltrockner LED/UV Lampe für Nägel,30/60/99/120s Timer, Infrarot Sensor,LCD Display, Geeignet für alle Gel #Amazon #Deal https://t.co/6vfqhfEaLj",1.3112585153617388e+18
15,2020-09-30 10:59:12,chollos100x100,"‍  CUPONAZO  #Amazon | #Hogar

 Sboly Espiralizador de verduras con 5 cuchillas,spiralizer vegetal con contenedor, Espaguetis de Calabacin, Cortador Espiral Manual, Para triturar, Tallarines,Cintas o Fideos

 PVP: 32,99€
 PRECIO OFERTA: 13,09€ 
 CUPÓN: KHPFUFDP

 … https://t.co/EkbytmTRoK",1.3112592955693916e+18
16,2020-09-30 10:56:31,XperienceDope,"Blasting J Cole - Snow On Tha Bluff (Club) right now on Pretty Dope Xperience Radio aka #BlackPandora

listen now and catch a wave!! https://t.co/VqKFopeoex  #nowplaying #np #RT  #NowStreaming #Streema Download Now #Alexa #GooglePlay #iOSAppStore #Amazon #",1.3112586182143877e+18
17,2020-09-30 11:00:11,yuki_nagase,"【オフィス家具】ベスト10
ナカバヤシ 書類収納 アバンテV2 フロアケース A4書類収納 浅18段 AF-18 シロ
https://t.co/k9y0iJb01a #Amazon",1.311259542039085e+18
18,2020-09-30 11:00:26,shinchaku,【発売日：2020/09/02】10万円から始める！ 割安成長株で２億円  https://t.co/yWu6sjidt1 #amazon,1.3112596064050668e+18
19,2020-09-30 11:00:05,ETRetail,"ETRetail | Britain's Morrisons creates 1,000 jobs to process Amazon orders #Supermarket #Amazon #Hiring #Retailer #Jobs #Grocery #Morrisons #Tesco #Pandemic https://t.co/PY9vovUlYy",1.3112595174605128e+18
20,2020-09-30 10:57:46,amzn_ofertas,"⬇️

Placa de Vídeo Asus GeForce GTX 1650 4GB GDDR5 OC por ASUS via #Amazon

🛒 https://t.co/1JZlQ6Ofyc
https://t.co/1JZlQ6Ofyc",1.3112589318433546e+18
21,2020-09-30 10:57:40,Prohacktiv3,"🚀 Lancement d'Amazon One : quels enjeux de #cybersécurité dans l'utilisation de données biométriques ?
💳 #Amazon vient d'annoncer le lancement d'Amazon One, une technologie sans contact qui permet aux clients des magasins physiqu…https://t.co/SlksrveqcL https://t.co/IGWUCwAteP",1.3112589076254515e+18
22,2020-09-30 11:00:25,shinchaku,【発売日：2020/09/25】Re：ゼロから始める異世界生活 24 (MF文庫J)  https://t.co/oTANJddUVN #amazon,1.3112596020178248e+18
23,2020-09-30 10:55:05,Kassfinol,"Pueden adquirirlo en cualquier portal de #Amazon #papel y #kindle en:

 https://t.co/Twie4tp2CR 

#gratis #kindleunlimited #romance #paranormal#romanceparanormal #escritoraromanceparanormal #romanceparanormalenespañol https://t.co/uxi1yrPwRf",1.3112582576049644e+18
24,2020-09-30 10:54:50,MaxiChollo,"‍CHOLLAZO ❗️🔸 #Amazon | #Deportes
📣Puma Mens @ManCityES Stadium INT SS Jersey

⛔️ PVP: 14,33€ 
 ✅PRECIO OFERTA: 11,97€ 

📏 Talla L

   ⤵️ Link de compra
   🌐 https://t.co/sTrdHfkTks

Visto en https://t.co/HGTfnxg2wd https://t.co/bhHU84pq5q",1.311258195592188e+18
25,2020-09-30 10:58:26,m1783,"【最大10万円が当たる！！】
無料で10周年キャンペーンに参加しよう♪

200万人以上が利用しているポイントサイト『ポイントインカム』で今日からお小遣いアップ！
▼ココから1分無料登録▼
https://t.co/xZQ3ve8XEF
#ポイント #Amazon#オススメ",1.3112591025389158e+18
26,2020-09-30 11:00:01,sukumokkori,"Lucky Coins Amazonギフト券ゲットなるか！検証！

#amazon 
#Amazonギフト券  
#Amazonギフトコード  
#検証　

https://t.co/paF5z7r0tw https://t.co/c8fVt6WVMA",1.3112594990560297e+18
27,2020-09-30 10:55:02,ComertiaRetail,"""Competència"" @CNMC_ES obliga a #Amazon a complir amb la normativa postal @LaVanguardia https://t.co/7V5EMdN5j4 @Correos  @SEUR @MRW_clientes #normativa #marketplaces #ecommerce",1.3112582478740849e+18
28,2020-09-30 10:56:38,ForbesCamden,"Pretty soon between all the data collected I'll have a nice little clone of myself for sale,  too... 👀👽👀

#amazonone #amazon #ConspiracyTheories #ArtificialIntelligence
#forbesgaming #camdenforbes

https://t.co/cVJq33Flbv",1.3112586474360668e+18
29,2020-09-30 11:00:22,shinchaku,【発売日：2020/09/12】月刊少女野崎くん 12巻 (デジタル版ガンガンコミックスONLINE)  https://t.co/c6GPFMLAiH #amazon,1.311259586901545e+18
30,2020-09-30 10:56:25,rakten_kaden_,"09/30 19:56

パナソニック【Panasonic】卓上IH調理器 
【楽天】7900円
【Amazon】7902円

★楽天で購入すると★
 2円 お得（お得率0％）

↓お得な情報を一覧で確認出来るサイト
https://t.co/kMQYxgL6Rh

#楽天市場 #Amazon #お得 #せどり https://t.co/tZA7psvxDR",1.3112585950491812e+18
31,2020-09-30 11:00:01,yuki_nagase,"【オフィス家具】ベスト10
オフィスコム オフィスワゴン サイドワゴン 3段オールロック 幅395×奥行510×高さ600mm シリンダー錠 ホワイト
https://t.co/kwCNMnXbFp #Amazon",1.3112594984015094e+18
32,2020-09-30 11:00:12,M_Swan_Film0925,"#映画 「#ミッドナイトスワン」#上映中！

📖#小説 #文春文庫 1万部追加の５刷が決定しました～🙌✨

🎼#渋谷慶一郎 「ATAK024 Midnight Swan」#amazon #楽天 サントラ部門ランキング1位を獲得🙌

🎞️「#ミッドナイトスワンSPECIALCINEMABOOK」#楽天 エンターテイメント部門ランキング１位を獲得‼️ https://t.co/HNRXxkwK0f",1.3112595475755704e+18
33,2020-09-30 10:58:55,MicheMacheDecor,"Hand-painted Zebra plate individually made and available in my Amazon Handmade shop 👇
https://t.co/oT1smEi1PD #Zebras #blackandwhite #stripes #safari #exotic #African
#RTmeBB #onlinecraft #Amazon @smallbizshoutUK @Retweeting001 @TwitterRetweets @MarketeerGratis @SellableStuff https://t.co/DDiLlzy5ud",1.3112592224458834e+18
34,2020-09-30 11:00:02,mngallardo,#Amazon add Men's #Apparel to its Personal Shopper by Prime Wardrobe service. #retail #digital https://t.co/Xjb5MoB5fm,1.311259506249093e+18
35,2020-09-30 10:55:31,hispachollos,"🌀 HOPVISION Mini Proyector 1080P Full HD,Proyector Portátil de 5000 Lúmenes con Pantalla Máx de 180"",Proyector LED de 60000 Horas,Proyector Cine en Casa Compatible con HDMI/AV/USB/SD/VGA. #Amazon 🇪🇸

🕘 PRECIO FLASH: 50,99€

💶 Precio  ...
https://t.co/BLvxW9CB39
#chollo",1.3112583689427108e+18
36,2020-09-30 11:00:20,TamekaMaye,"It’s highly frustrating when I’ve waited all morning to receive my #Amazon order only for the driver to IGNORE my delivery instructions, BANG on my front door, leave my parcel on the FLOOR in the pissing rain &amp; just drive away without waiting for me! 

@AmazonHelp @amazon fix up!",1.3112595797293015e+18
37,2020-09-30 10:59:55,ana27725062,"Winnia is giving away a $50 #Amazon gift card in celebration of its official launch 🎁

Enter now 👇👇 https://t.co/KLTPZobTvQ",1.3112594759789978e+18
38,2020-09-30 10:59:55,creativemm12,"&lt;Current Weather&gt;
Chicago
Temperature: 51.33°F/ Status: clouds
👉https://t.co/KGu5yegiWA #amazon👈
💯👉Auto Follower👈💯
💯👉#自動相互フォロー👈💯

#FollowNGain
#Yankees
#Eric #Trump
#Hillary #Clinton
#followermachine
#RT企画
#相互RT
#FollowBack
#",1.3112594762178478e+18
39,2020-09-30 10:59:35,kakicchysmusic6,"https://t.co/MaMFRamliO: Nearly Classic, But Not Same: kakicchysmusic: MP3 Downloads https://t.co/gVn2UwXo6f #Amazon #Prime",1.3112593930741596e+18
40,2020-09-30 11:00:22,shinchaku,【発売日：2020/09/15】わたしの幸せな結婚　四 (富士見L文庫)  https://t.co/UlJTKRPQCy #amazon,1.311259589321601e+18
41,2020-09-30 11:00:29,shinchaku,【発売日：2020/09/07】異世界転移したのでチートを生かして魔法剣士やることにする 1巻 (デジタル版ガンガンコミックスＵＰ！)  https://t.co/dcnPM8H4qc #amazon,1.3112596161651425e+18
42,2020-09-30 10:54:44,CholloLinkES,"‍CHOLLAZO ❗️🔸 #Amazon | #Deportes
📣Puma Mens @ManCityES Stadium INT SS Jersey

⛔️ PVP: 14,33€ 
 ✅PRECIO OFERTA: 11,97€ 

📏 Talla L

   ⤵️ Link de compra
   🌐 https://t.co/0jIr2uGgOb

Visto en https://t.co/JpQzg3pNYP https://t.co/CyjcWtwS3f",1.3112581710219715e+18
43,2020-09-30 11:00:24,shinchaku,【発売日：2020/09/26】【https://t.co/dvfi0HK3Kc 限定】WE ARE 7ORDER 1st PHOTO BOOK SPECIAL EDITION ([バラエティ])  https://t.co/W3z5Xk4fH2 #amazon,1.3112595965190922e+18
44,2020-09-30 11:00:27,yuki_nagase,"【オフィス家具】ベスト10
不二貿易 L字 パソコンデスク 幅156cm ホワイト 強化ガラス 88778
https://t.co/CpycB1PE7T #Amazon",1.3112596081455227e+18
45,2020-09-30 11:00:20,musicalbumrevi,"Oppo Find X2 Neo Review https://t.co/tnzd9D6zeS September 30, 2020 at 04:30PM #Android Mobile, Mobile Reviews, Oppo, Oppo Find, Oppo Mobile, Reviews, Smartphone, Technology #blogger #2k20 #blog #MusicAlbumReviews #amazon",1.3112595804674703e+18
46,2020-09-30 10:57:46,MacMCCollum6,@AmazonHelp How many times must you look into this matter. Refund the money that you owe #amazon . You chase the details down as I have spent too much time on the phone and online. Once again you will raise a ticket and #passtheblame. #loveyourcustomer,1.3112589319232266e+18
47,2020-09-30 11:00:01,AriaRaeBlossom,"*´¨✫) ¸.•´¸.•*´¨)✯ ¸.•*¨) ✮ ( ¸.•´✶ HOT and STEAMY for the SUMMER! Check out this box set with 20+ novels. You’ll be excited from reading pages without putting down the book.
https://t.co/BSFtiQ3WoT #romance #kindle #nook #ibooks #amazon #books #readers #99cents #ebook https://t.co/KBKN9iVMGE",1.3112595015432602e+18
48,2020-09-30 10:54:44,RoboWho1960,"Last Chance! Would you like to win a $50 Amazon Gift Card or PayPal Deposit? Check out this easy entry Gleam giveaway for a chance to #WIN

Open Worldwide

@GooseGiveaways #wingiftcard #wincash #amazon #paypal #winmoney #sweepstakes #giveaways https://t.co/uk0N6kHKSv",1.3112581694994227e+18
49,2020-09-30 11:00:16,yuki_nagase,"【オフィス家具】ベスト10
DOMY HOME L字デスク パソコンデスク デスク L字型 オフィスデスク PCデスク ワークデスク オフィスデスク コーナーデスク (オーク)
https://t.co/KLJGsWlgdS #Amazon",1.311259564004655e+18
,date,screen_name,tweet,tweet_id
0,2020-09-30 10:46:01,comdigitalhoy,#Amazon anuncia Fire TV Stick Lite https://t.co/lnrN2C32Jd,1.3112559748466278e+18
1,2020-09-30 10:51:44,amzn_ofertas,"⬇️

Fone de Ouvido sem Fio Apple AirPods Pro com Estojo de Carregamento Wireless - Branco por Apple via #Amazon
 
🛒 https://t.co/Nsr0Rbntnl
https://t.co/Nsr0Rbntnl",1.311257415262843e+18
2,2020-09-30 10:47:18,reinadellowcost,"🌟 [𝗟𝗮 𝗿𝗲𝗶𝗻𝗮 𝗱𝗲𝗹 𝗟𝗼𝘄𝗰𝗼𝘀𝘁] 🌟

🔊 Samsung Galaxy Tab A - Tablet de 10.1"" Full HD (Wifi, Procesador Octa-core, Android Actualizabl #amazon

🌍 Enlace: https://t.co/9WhYlVRNR4

Te esperamos en telegram: https://t.co/Jxndx9pJCJ https://t.co/qSpy6vo2cN",1.3112562983071007e+18
3,2020-09-30 10:49:13,h22h52,"@HarukiKai0628 

嫌なウィルスが多いこの世の中
小さい子供、ばぁば、じぃじの為に
少しでも予防できたらと思います！
よろしくお願いします😭

本は会社でたくさん読んでます🥺

#春木開 

Amazonほしい物リストを一緒に編集しましょう https://t.co/cuKELh2EdC #Amazon https://t.co/v3vDGY7EzS",1.3112567816249795e+18
4,2020-09-30 10:48:07,amzn_deals_de,https://t.co/xpeAGfymM8 feela.® Premium Orthopädisches Sitzkissen Orthopädisch Büro bei Steißbeinschmerzen Rollstuhlkissen mit Gel-Beschichtung Sitzunterlage #Amazon #Deal https://t.co/E1u70R0dFi,1.3112565050820977e+18
5,2020-09-30 10:49:19,masahito_sakai,"なぬ…ママゾンとな？妹…なかなかやりおる(笑)

#mamazon #Amazon https://t.co/OXQ7v0i2Yn",1.3112568059436032e+18
6,2020-09-30 10:49:47,Liangweiwei7,"レビュー募集しています🌸
応募方法：フォロー/RT/コメント
返金方法：PayPal、Paypay、LINE Pay、Amazonギフト券など。
ご興味がございましたら、ご遠慮なくご連絡してください。
#アマゾンレビュー #アマゾン #amazon #レビューア #アマゾンレビュー募集 #レビュー #無料商品  #Amazonレビュー募集 https://t.co/CaAsfkPBB9",1.3112569239378002e+18
7,2020-09-30 10:48:33,Liverpool_SSP,"🗣Amazon shoppers❗️

Why not support our Foundation charity (at no extra charge to you) with every #Amazon purchase you make. 

Just purchase through https://t.co/jKWUh02i3r and select Lssp as your chosen charity! - it’s exactly the same as the normal site! 

Happy shopping! https://t.co/MijltNDDoS",1.3112566151532626e+18
8,2020-09-30 10:47:46,SubEdamame,"Amazon で注文受付中です。
シンワ測定(Shinwa Sokutei) デジタルノギス 大文字 ホールド機能付き 15cm 19975
https://t.co/92ms7j6MYY
#アマサー #Amazon",1.311256417555247e+18
9,2020-09-30 10:52:17,renRen_k1030,"ほすぃ…

3枚セット 【オリジナル・LP サイズフォトカード A+B+きゃんぷぅメモ帳付】 Hey! Say! JUMP Your Song ... https://t.co/wx6iUjDInT #Amazon",1.311257555964842e+18
10,2020-09-30 10:52:40,creativemm12,"#Nature の Echo Dot 第3世代 - スマートスピーカー with Alexa、サンドストーン + Nature スマートリモコン Remo mini
https://t.co/GzXjOysCaE
#autofollower
#onlineseller
#amazon
#Titans
#Chelsea #FC
#128 #WATERLOO",1.3112576490238403e+18
11,2020-09-30 10:53:40,PapaEmann30,"10€ Guthaben für #PrimeDay - Exklusive für Prime-Mitglieder
#Amazon https://t.co/ZHSDSREXmZ via @amazon",1.3112579028129874e+18
12,2020-09-30 10:45:39,kawaiiusagi1971,"かわいすぎやせんか？
ミツウロコ スーパーマメタン！ マッチで簡単に火がつきます （豆炭一袋30粒入り） https://t.co/WuMhpCyLH9 #Amazon",1.3112558853400494e+18
13,2020-09-30 10:50:02,Charlie_Cawood,"Diplo &amp; Jonas Brothers - Lonely #bigtimeradio https://t.co/N76xPoatRr @Charlie_Cawood @BigTimeRadio1 @bigtime_news
 on #Amazon Echo &amp; App https://t.co/c7cZfm4MQo  #Top40 #Music 247 #Worldwide 3 #Radio #Stations 43 #Countries #Interviews #Billboard https://t.co/JiPHr6jZyC  #SUBMI",1.3112569889705574e+18
14,2020-09-30 10:53:39,lalala_rururu_,"@HarukiKai0628 当たるわけないよね、、💧
人生で何かが当たったことなんて
一度もないし(╭☞•́⍛•̀)╭☞

#職業春木開 
#春木開さんに届け 
#YouTube
#Amazon
#Twitter
#ほしい物リスト

https://t.co/qOhEheHg3q",1.3112578980186972e+18
15,2020-09-30 10:48:52,JasonEwbank,"Great #blog from @IdentityExperts!

#Amazon #AmazonBrushing #BrushingScam https://t.co/gceDTVCuev",1.3112566935028163e+18
16,2020-09-30 10:47:45,hispachollos,"🌀 Irrigador Bucal, Irrigador Dental Portátil con 6 Boquillas 5 Modos 300ML, Multifuncional Recargable,Profesional Lavado Pulsado,IPX7 Impermeable,Limpieza Dientes de Ortodoncia y Dientes de Implante. #Amazon 🇪🇸

🔘 Marca la casilla de ...
https://t.co/ZG7WK7F3FV
#chollo",1.3112564127026176e+18
17,2020-09-30 10:47:45,getinonthewins,GIVEAWAY! Enter to #win a $10 #Amazon gift card? Go enter the #giveaway daily for your chance to win from @thatsjustjeni Go enter   https://t.co/bxycB3Hiig,1.3112564125180477e+18
18,2020-09-30 10:49:06,Chencha38198867,"ラミネーター ラミネート機 a4対応 最新加熱技術 気泡なし 波打ち防止 ラミネートフィルム 9枚付き 裁断機 角取り器 付属 静か 軽量 冷/熱 家庭用 事務用品 オフィス用品 文房具用品 
元値:3899円
#レビュー募集 #レビュー #アマゾンレビュー #全額返金 #無料 #副業 #懸賞 #Amazon #ギフト券 #ペイパル https://t.co/aMACO6PTCw",1.3112567542571622e+18
19,2020-09-30 10:52:26,MaxiChollo,"‍BAJADA DE PRECIO ❗️🔸 #Amazon | #Belleza
📣Garnier Skin Active - BB Cream Roll-On Ojos, Crema Correctora y Anti-Imperfecciones, Tono Claro, 7 ml

⛔️ PVP: 9,95€ 
 ✅PRECIO OFERTA: 6,75€ 

   ⤵️ Link de compra
   🌐 https://t.co/2J9Hqus453

Visto en https://t.co/HGTfnxg2wd https://t.co/hUTI40XqKS",1.3112575909790638e+18
20,2020-11-10 19:27:48,amazon,"Shanika, a leader with the Amazon Future Engineer program, fights for equal access to STEM education. She's committed to providing quality, hands-on learning for all students, no matter their zip code or skin color.",1.3262451923539968e+18
21,2020-09-30 10:50:53,kajla_ankush,"#AmazonSpinandWin 
#Amazon 
This item is my dream.
#AmazonWishList 
#AmazonSpinandWin 
#AmazonIndia 
#AmazonSpinandWin 
#AmazonWishList https://t.co/vIVYB1OwUA",1.311257201848152e+18
22,2020-09-30 10:49:01,pierluigionofri,Great to see that our cooperation with #Amazon Web Services is driving new industrial #5G solutions. #TeamEricsson https://t.co/ny4a0Yfxtd,1.3112567300476232e+18
23,2020-09-30 10:49:47,XperienceDope,"Blasting DVSN - Outlandish right now on Pretty Dope Xperience Radio aka #BlackPandora

listen now and catch a wave!! https://t.co/VqKFopeoex  #nowplaying #np #RT  #NowStreaming #Streema Download Now #Alexa #GooglePlay #iOSAppStore #Amazon #",1.3112569243951104e+18
24,2020-09-30 10:54:43,CoolDealCA,"💲💰
LEGO Architecture Statue of Li...
Reduced from $120 to $96

# #Deals #new #Deals #savings #Amazon  #Deal #ganga

 https://t.co/WxSALQuf4Y https://t.co/zlr3y4yE60",1.3112581647472763e+18
25,2020-09-30 10:45:28,chollosyoferta,"#Chollo #Amazon 36% DESCUENTO Acer KG1 KG281KA LED Display 71,1 cm (28"") 4K Ultra HD Plana Negro   Monitor (71,1 cm (28""), 3840 x 2160 Pixeles, 4K Ultra HD, LED, 1 ms, Negro)

Precio oferta: 312,11
Reacondicionado: 199,61

    👇👇👇👇👇👇👇
👉 https://t.co/bpoXMiEgmQ https://t.co/rN9nlQiTh3",1.3112558365352018e+18
26,2020-09-30 10:47:26,BmgGeorgia,"#Amazon-მა ხელის გულით გადახდა დანერგა
#BMG #ბიზნესმედია #საქმიანები 
https://t.co/q1VJO0b4I5",1.3112563354182615e+18
27,2020-09-30 10:49:57,ilfrangente,"Novità manualistica #eBook 🆕 
È finalmente disponibile online l'eBook ""#Esercizi di #carteggio ministeriali per patente nautica entro 12 miglia dalla costa"" di Miriam Lettori.
Scoprilo nei maggiori #store online! #Amazon #Apple #Kobo https://t.co/LFiv1aB9dF",1.311256967730602e+18
28,2020-09-30 10:49:06,FwdBenelux,The Walking Dead: World Beyond komt 2 oktober naar Amazon Prime Video - https://t.co/dRY4XD2clB - #Amazon #AmazonPrimeVideo #TheWalkingDead,1.311256754634793e+18
29,2020-09-30 10:47:19,MenudoPaquete,"🌟 [𝗠𝗲𝗻𝘂𝗱𝗼 𝗣𝗮𝗾𝘂𝗲𝘁𝗲] 🌟

🔊 Samsung Galaxy Tab A - Tablet de 10.1"" Full HD (Wifi, Procesador Octa-core, Android Actualizabl #amazon

🌍 Enlace: https://t.co/R3sLoJ5DY4

Te esperamos en telegram: https://t.co/IbEojfZpa4 https://t.co/Beq9xlB0Yp",1.3112563021784965e+18
30,2020-09-30 10:54:37,TheInStockRoom,"***New Deal***
LEGO Architecture Statue of Li...
Reduced from $120 to $96
https://t.co/XToEVRWYhA
#Deals #newDeals #savings #Amazon https://t.co/MJ5SO98vaB",1.3112581399128187e+18
31,2020-09-30 10:46:24,rakten_kaden_,"09/30 19:46

【レビュー投稿で洗浄液に使えるクーポンプレゼント】
【楽天】27145円
【Amazon】27522円

★楽天で購入すると★
 377円 お得（お得率1％）

↓お得な情報を一覧で確認出来るサイト
https://t.co/kMQYxgL6Rh

#楽天市場 #Amazon #お得 #せどり https://t.co/fbVYMXjDBn",1.3112560752329236e+18
32,2020-09-30 10:52:12,ChollosDescubre,"‍BAJADA DE PRECIO ❗️🔸 #Amazon | #Belleza
📣Garnier Skin Active - BB Cream Roll-On Ojos, Crema Correctora y Anti-Imperfecciones, Tono Claro, 7 ml

⛔️ PVP: 9,95€ 
 ✅PRECIO OFERTA: 6,75€ 

   ⤵️ Link de compra
   🌐 https://t.co/i2cApSRAmH

Visto en https://t.co/HW2VwUc9d2 https://t.co/mknHekLCDg",1.3112575346705572e+18
33,2020-09-30 10:48:39,YourStoryCo,"#Amazon, the Seattle-based ecommerce giant, has infused fresh capital to the tune of Rs 1,125 crore into one of its India units — Amazon Seller Services

@amazon @amazonIN

https://t.co/txyri52X1Q",1.311256640553988e+18
34,2020-09-30 10:54:34,ChollosDescubre,"‍CHOLLAZO ❗️🔸 #Amazon | #Deportes
📣Puma Mens @ManCityES Stadium INT SS Jersey

⛔️ PVP: 14,33€ 
 ✅PRECIO OFERTA: 11,97€ 

📏 Talla L

   ⤵️ Link de compra
   🌐 https://t.co/wt4oZL9SXA

Visto en https://t.co/HW2VwUc9d2 https://t.co/qo38cvVBo7",1.3112581295360287e+18
35,2020-09-30 10:46:20,1Kristens,"Quimper. Démasqué, Amazon lance son opération séduction #Quimper #Amazon #Finistère @OuestFrance https://t.co/Qcrj0Mh4BL https://t.co/xxOuCRY5i8",1.311256057331757e+18
36,2020-09-30 10:50:51,iOzjGoLIAXsKz1I,"何故にバレたのだろう？ #Amazon #欲しい物リスト #熱烈なファンがいるって事にしておこう❣️ 意外と欲しい物リスト見てくれるのね 。他の人もチェックしてくださり ツッコミ入れられた💦 #ありがとう 

#本人のご了承は受けてます https://t.co/tMdQZMMgtz",1.3112571940550984e+18
37,2020-09-30 10:51:25,rakten_kaden_,"09/30 19:51

【在庫有】【送料無料】 THANKO/サンコー お
【楽天】5880円
【Amazon】5980円

★楽天で購入すると★
 100円 お得（お得率2％）

↓お得な情報を一覧で確認出来るサイト
https://t.co/kMQYxgL6Rh

#楽天市場 #Amazon #お得 #せどり https://t.co/1LdvknVVkT",1.3112573353025536e+18
38,2020-09-30 10:54:00,SylvDotNet,"Josie’s Refuge book 3 in the Clearwater Ranch
USA Today Bestselling Author, @alyssabaileyak on Amazon https://t.co/xvCO0T30Q2

Newsletter signup : https://t.co/aNgzaLLJ3k

#series #amazon #reviewer #western #romance #suspense #kindle #writerlifts https://t.co/CDbjLZlXhi",1.3112579847361454e+18
39,2020-09-30 10:47:17,OnlyGearBest,"🌟 [𝗢𝗻𝗹𝘆 𝗚𝗲𝗮𝗿𝗯𝗲𝘀𝘁] 🌟

🔊 Samsung Galaxy Tab A - Tablet de 10.1"" Full HD (Wifi, Procesador Octa-core, Android Actualizabl #amazon

🌍 Enlace: https://t.co/oPBLVawdGN

Te esperamos en telegram: https://t.co/mPaN5u2fFj https://t.co/jCtisdhPcs",1.31125629452809e+18
40,2020-09-30 10:49:56,Sammies_TZ,"The Amazon Ring Home Cam on Wings? I say it's innovative BUT it's not an innovation most people want, and I don't think my reason would stop Amazon either. 

What's your say on this?
#tech #review #Amazon #ring #techthatmatters https://t.co/feNorzvJwb",1.3112569606422856e+18
41,2020-09-30 10:45:26,NozzlerFR,"https://t.co/tuV05KBcjH
🔴🔴VENTE FLASH AMAZON🔴🔴
⏱11,89€ le mini décapeur thermique ETEPON⏱
#venteflash #venteflashAmazon #amazon #nozzler #nozzlerFR #Maker #makers #make #makes #etepon #décapeur #décapeurThermique",1.311255830671618e+18
42,2020-09-30 10:47:47,gulf_news,"News in pictures: #Amazon creates thousands of jobs in India, #Airbus probe, #Germany debt, gut microbe and cancer, 'whole system raped #Hathras victim', UK #economy
Wednesday events: Check out the stories that you missed from around the world

 https://t.co/LEqt6QGAme",1.311256420315267e+18
43,2020-09-30 10:46:12,amzn_ofertas,"⬇️
IMAC 27 5K 3.7 6C 8GB 2TB FD RP580X MRR12BZ/A por Apple via #Amazon

🛒 https://t.co/4B9mWVAZgk
https://t.co/4B9mWVAZgk",1.311256021462061e+18
44,2020-09-30 10:45:31,eri_motto,"ソニー グラスサウンドスピーカー ハイレゾ対応/Bluetooth対応/LEDライト付き / 32段階明るさ調整可能 DSEE HX... https://t.co/B2QQGDwRZb #Amazon

これが欲しいの…
誰か買って(‘､3_ヽ)_",1.3112558498268774e+18
45,2020-09-30 10:48:45,worldissmall_fr,#Amazon One : vous pourrez désormais payer avec la paume de votre main ! : https://t.co/TqU6xbiIHg https://t.co/YKEP2eXrEN,1.311256664000131e+18
46,2020-09-30 10:52:33,CholloLinkES,"‍BAJADA DE PRECIO ❗️🔸 #Amazon | #Belleza
📣Garnier Skin Active - BB Cream Roll-On Ojos, Crema Correctora y Anti-Imperfecciones, Tono Claro, 7 ml

⛔️ PVP: 9,95€ 
 ✅PRECIO OFERTA: 6,75€ 

   ⤵️ Link de compra
   🌐 https://t.co/7t2sT0EMcY

Visto en https://t.co/JpQzg3pNYP https://t.co/JRB97w9UB8",1.3112576192737894e+18
47,2020-09-30 10:48:52,anabel_gato1978,"見てこれ！コンドームケース！
無くしたのでめちゃ嬉しい。
4.5枚入れてちょうど良い感じ！！
クレイジーホースレザーらしい。

何故か入浴剤とともにww
(送料無料のためらしい)

#Amazon #欲しいものリスト #プレゼント https://t.co/P2D7LZtAi3",1.3112566954613924e+18
48,2020-09-30 10:52:13,QaiserBachani,"The world in palm of your hand.
Amazon One: Palm scanner launched for 'secure' payments.
#Amazon #nfc #digitalpayment #AmazonOne  https://t.co/Qno0fHvDDd",1.3112575386593116e+18
49,2020-09-30 10:48:49,cerm_ms,"@Lucas_S442 Hab die Tage bei meinem Lieblingsfachhändler, also #Amazon, meine Bestände an ordentlichen #Plastik Strohhalmen aufgestockt. Sollte nun reichen, bis ich zur Schnabeltasse wechsle. Vor Ort im Laden findet man ja keine mehr.",1.3112566816078234e+18
,date,screen_name,tweet,tweet_id
0,2020-09-30 10:36:24,anDroidNews_de,"Seit vergangener Woche gibt es bei Amazon einen Fire TV Stick Lite. Doch worin bestehen die Unterschiede zu den anderen HDMI-Streaming-Sticks?
.
► https://t.co/pKAW813yld
.
#Amazon #FireTVstick #FireTVstickLite #HDMIStick https://t.co/l25e1gexqV",1.3112535554965955e+18
1,2020-09-30 10:45:09,DeniseSanger,DEFINITELY! Isn't this coffee mug perfect? Get yours via amazon affiliate link here:  https://t.co/6PXxXSEVgF #amazon #ad,1.31125575913771e+18
2,2020-09-30 10:38:03,best_deals_US,"Here's a great deal
LIQUID NAILS LN-903 Heavy Duty Construction Adhesive (10-Ounce)

Offer price: $2.26 (92% OFF!)
Retail: $27.00

https://t.co/FDli7WCdCE

#Amazon #deals #RT https://t.co/t0J17CLG3F",1.3112539726534902e+18
3,2020-09-30 10:39:40,negachaechalaga,"Last Chance! Would you like to win a $50 Amazon Gift Card or PayPal Deposit? Check out this easy entry Gleam giveaway for a chance to #WIN

Open Worldwide

@GooseGiveaways #wingiftcard #wincash #amazon #paypal #winmoney #sweepstakes #giveaways https://t.co/fE81XgIQET",1.3112543804196127e+18
4,2020-09-30 10:36:42,Micha843,"Der PrimeDay naht
Wie eigentlich jedes Jahr, so kommt aus dieses Jahr der PrimeDay : https://t.co/bb6KU401Cj

#Amazon #Angebot #Empfehlung #Geschenk #PrimeDay",1.3112536334519214e+18
5,2020-09-30 10:43:54,XperienceDope,"Blasting Lyrica Anderson - Marriott (Club) right now on Pretty Dope Xperience Radio aka #BlackPandora

listen now and catch a wave!! https://t.co/VqKFopeoex  #nowplaying #np #RT  #NowStreaming #Streema Download Now #Alexa #GooglePlay #iOSAppStore #Amazon #",1.3112554454206095e+18
6,2020-09-30 10:37:02,eroge_alert,【 #Amazon 】 女体狂乱プリンセス https://t.co/arR5cL4qz4,1.311253715580457e+18
7,2020-09-30 10:38:30,TechGirlCharu,"Amazon One announced, allows payment through palms in Amazon Go stores.
#Amazon #AmazonOne https://t.co/4koXio3mt9",1.3112540855473562e+18
8,2020-09-30 10:42:23,miumiuMH,"自分の人生に足りないものを数えて悲しんでいても仕方ない。むしろ、今あるものを抱きしめて、それがある事に感謝して微笑みながら生きていく事。それこそが、幸せに生きる極意なんだ。
#森沢明夫

癒し屋キリコの約束 (幻冬舎文庫) https://t.co/g67Yl5Ik1R… #Amazon",1.3112550620443197e+18
9,2020-09-30 10:44:42,theartchemists,"#BrutusVsCésar : si le #film de #Kheiron​ déclenche les passions, il inspire aussi des partenariats assez savoureux !

#Amazon #amazonprimevideo​ #Deliveroo​ #pierresang #gastronomie #VoD #livraison #marketing  https://t.co/qs4FDSCRmT",1.3112556449309655e+18
10,2020-09-30 10:38:33,betongkopf,#TheBoys Actor Risks Losing Fans After Rant About Trump https://t.co/8gnn2md6BQ via @MrHreviews #Amazon #amazonprime,1.3112540980423803e+18
11,2020-09-30 10:42:02,robinsnewswire,"""QuiFit Motivational Gallon Water Bottle with Straw &amp; Time Marker BPA Free only $15.13: eDeal Info"" #Amazon #Ebay #Walmart #Discounts #Coupons #Deals: https://t.co/qvMycF7D1D",1.3112549756541583e+18
12,2020-09-30 10:42:03,robinsnewswire,"""Nordstrom Rack Fall Bedding Sale: Up to 85% off + free shipping w/ $100: Deal News"" #Amazon #Ebay #Walmart #Discounts #Coupons #Deals: https://t.co/8plhDQgwSH",1.3112549768538112e+18
13,2020-09-30 10:42:02,robinsnewswire,"""GiniHomer Handheld Shower Head with Hose &amp; 5 Spray Settings only $12.49: eDeal Info"" #Amazon #Ebay #Walmart #Discounts #Coupons #Deals: https://t.co/ikuBnIYpNM",1.3112549762875228e+18
14,2020-09-30 10:43:14,Identity_Rhp,"#BrushingScams are currently sweeping our nation - excuse the pun.

To find out more about what #brushing is, and why a free #Amazon parcel might be a lot more dangerous than you think, check out this @IdentityExperts #blog.

#DataSecurity #DataBreach #AmazonBrushing https://t.co/D6NZu0lRZQ",1.311255278218875e+18
15,2020-09-30 10:39:07,bmurphypointman,#amazon #amazonprime #prime #amazonspecials Need to make money? Save money while shopping? Get discounts on travel? Check out my website https://t.co/vBHLD11zwQ,1.3112542409381274e+18
16,2020-09-30 10:38:12,images_clipping,"Product photos should contain compatible backgrounds to lure buyers. Cut out the unfitting #imagebackgrounds from your #ecommerce #productphotos with our professional #backgroundcutout service.

#Amazon #ebay #backgroundremoval
https://t.co/ejc5LYgvjV https://t.co/3lnFW2akyM",1.3112540095256248e+18
17,2020-09-30 10:43:34,metodaDE,"#Amazon recently released a new feature: Now you can create and schedule multiple versions of your #Store. 
This helps you to prepare your store in advance for seasonal promotions, new product launches or huge design updates to stay up to date and relevant at all times. https://t.co/Lje0gohohM",1.3112553618448998e+18
18,2020-09-30 10:39:23,FinsourceG,"#fintech #finsource #amazon 
https://t.co/RbZaiLYipI",1.3112543094143427e+18
19,2020-09-30 10:42:02,robinsnewswire,"""22-Piece Construction Trucks Toy Set For Kids only $22.99: eDeal Info"" #Amazon #Ebay #Walmart #Discounts #Coupons #Deals: https://t.co/1fWhW6VvE8",1.3112549745426555e+18
20,2020-09-30 10:42:40,ilovesavingsca,Woohoo! PRICE DROP + a $2 COUPON! https://t.co/pu7A6Av1AM #ilovesavings #amazon #breakfast,1.3112551322612326e+18
21,2020-09-30 10:37:00,masa33masa333,"#どうぶつの森 #amiiboカード #任天堂 #Nintendo #Amazon

⭐️どうぶつの森amiiboカード⭐️

☆第１弾 (５パックセット)

☆送料無料
Amazonでチェック♪
https://t.co/5sfdDAhq6Z",1.3112537089115136e+18
22,2020-09-30 10:40:51,XperienceDope,"Blasting Bri Steves - Jealousy right now on Pretty Dope Xperience Radio aka #BlackPandora

listen now and catch a wave!! https://t.co/VqKFopeoex  #nowplaying #np #RT  #NowStreaming #Streema Download Now #Alexa #GooglePlay #iOSAppStore #Amazon #",1.3112546787186074e+18
23,2020-09-30 10:43:42,amomiado,"Last Chance! Would you like to win a $50 Amazon Gift Card or PayPal Deposit? Check out this easy entry Gleam giveaway for a chance to #WIN

Open Worldwide

@GooseGiveaways #wingiftcard #wincash #amazon #paypal #winmoney #sweepstakes #giveaways https://t.co/Ri8RhTKCOz",1.311255391926354e+18
24,2020-09-30 10:38:34,MrBookNarrator,Fall in love with James as you follow him through his life...  I did.  #EscapeFromMilltown #Audible #AudioBook #AmReading #JamesRobersonNovels #Amazon #MrBookNarrator See more: https://t.co/Dt8oViRavc https://t.co/EdYm5Te51M,1.3112541016241562e+18
25,2020-09-30 10:40:17,amzn_deals_de,https://t.co/u9WxrUyKft Dichtungsband für Türen Fenster YW #Amazon #Deal https://t.co/053K9HxAbi,1.3112545333146788e+18
26,2020-09-30 10:39:59,yuko_mgmg,ディズニー ツイステッドワンダーランド アズール・アーシェングロット メガジャンボ 寝そべり ぬいぐるみ https://t.co/Zk3htVOlG0 #Amazon なにこれ可愛い,1.3112544582783713e+18
27,2020-09-30 10:43:13,AppDropped_UK,"Check out this #Amazon Bestseller - Leef iBridge 32GB - Black for £17.99
https://t.co/13i8ZKvP5u https://t.co/VtSZXeCAmE",1.3112552705013555e+18
28,2020-09-30 10:40:26,betongkopf,"Damn, I just purchased the #Amazon #firetvstick because I wanted to watch #TheBoys 🙁 https://t.co/dVgXLbAWnB",1.3112545717385953e+18
29,2020-09-30 10:43:00,vubblePOP,"Coronavirus Update: 6 Million cases in India; Resurgence of infections in the Amazon https://t.co/pGpNYK5lvT via @dwnews 

🇮🇳⚕️😷

#COVID #COVID19 #India #Amazon #Brazil #pandemic #healthcare #publicmedia #ViewFromIndia",1.311255216495485e+18
30,2020-09-30 10:36:42,kimura_books,金融を絡めた面白いミステリーを読みたいなら。「空飛ぶタイヤ」がおすすめです。　池井戸潤 https://t.co/vRXQOI7yar #books #amazon,1.311253633074258e+18
31,2020-09-30 10:36:33,lalala_rururu_,"@HarukiKai0628 ぴ…こん。😣
ほしぃ。。

#職業春木開 
#春木開さんに届け 
#YouTube
#Amazon
#Twitter
#ほしい物リスト

https://t.co/qOhEheHg3q",1.3112535926831022e+18
32,2020-09-30 10:45:12,chollosyoferta,"#Chollo #Amazon 59% DESCUENTO Se Envía Desde España 50 Unidades Protección Facial Deshechable

Precio original: 27,99
Precio oferta: 11,55

    👇👇👇👇👇👇👇
👉 https://t.co/A2812HtfOX https://t.co/9cqka4jS4u",1.31125577211913e+18
33,2020-09-30 10:42:00,robertstanek,"Discover William Robert Stanek today! Books for all ages. Bugville, Ruin Mist, After the Machines.

#amwriting #amblogging #epicfantasy #amazon #microsoft #goodreads #bnscifi #bnkids https://t.co/9MjSemARaX",1.3112549649503232e+18
34,2020-09-30 10:39:21,blogosum,"#Books to cut the #road: Railonama by Anupama Sharma

 https://t.co/7TmCRWY7ah

 #amazon #amazondeals #deals #travel #goodbook #reading #story #book #readbooks #favoritebooks #motivation #inspiration https://t.co/j1DHEeuEYi",1.311254298261586e+18
35,2020-09-30 10:39:58,tecnoripia,Entra en el enlace para ver todas las promociones en la sección #perfumería #Amazon #Ofertas https://t.co/YUp8HWYICg,1.3112544542436598e+18
36,2020-09-30 10:42:20,zassou_chan_n,"@kouki_d_out こんばんは💛💛💛

あっ‼️‼️‼️‼️‼️
今、注文しました💛
遅くなってすみません💛

#Amazon からも購入出来ました🍋↓↓↓
https://t.co/aqQVC7oJyL

#Cure #キュア #ダウト
#ビジュアル系
表紙おめでとうございます💛👏",1.311255048182145e+18
37,2020-09-30 10:44:38,LuisCano_Author,"Nadie está repleto de bondad o de maldad en exclusiva. Aun en la trayectoria más ejemplar, hay espacio para los claroscuros.Como hay resquicios por donde la luz penetrará incluso en las tinieblas más densas. https://t.co/woDI0x3NQs #vayapersonaje #narrativa #HBO #Netflix #Amazon",1.3112556282503168e+18
38,2020-09-30 10:38:37,Ilary933,"Il #prequel di Una nota nel cuore è ONLINE su #amazon!🔥
➡️ https://t.co/LX5v5uvInq

🎶A diciotto anni di distanza, il mio cuore era tornato a battere per lei. O forse non aveva mai smesso di farlo.🎶

Buona lettura a chi lo leggerà ❤📚",1.311254116061061e+18
39,2020-09-30 10:42:22,koku_byakunews,【そもそも誰?】GAFA会長に個人面談を受けたとのツイートが話題に!詐欺との声に「事実です。でも詳細は公表できない」 #Google #Apple #Facebook #Amazon https://t.co/eO5Bj9rjBD,1.3112550598339912e+18
40,2020-09-30 10:45:06,app_xndr,"GTA IV Cheats app for #kindle #Fire and #FireHD https://t.co/cOuOdThNxK #Amazon . September 30, 2020 at 11:45AM",1.3112557462319145e+18
41,2020-09-30 10:42:15,yuu7yuu,"Amazonでドラマのサウンドトラック注文したらペラペラの封筒で届いたのでケースにヒビが入っててたし、交換で届いたのもペラペラ封筒だったのでまたひび割れてて、諦めて返品することにした。しかも、二つ纏めての返品は出来ない残念な仕事ぶりと返品の手間。
#Amazon",1.3112550308051354e+18
42,2020-09-30 10:39:26,NozzlerFR,"https://t.co/0VyQzIBmvW
🔴🔴VENTE FLASH AMAZON !🔴🔴
⏱Pistolet à colle WESCO à 6,71€ + 30 bâtons + pochette !!⏱
#venteflash #amazon #wesco #discount #venteflash #pistoletàcolle #outil #outils #tool #tools #nozzler #nozzlerFR #maker #makers",1.3112543211205878e+18
43,2020-09-30 10:41:24,rakten_kaden_,"09/30 19:41

掃除機 コードレス 充電式 紙パック式 アイリスオ
【楽天】9980円
【Amazon】10194円

★楽天で購入すると★
 214円 お得（お得率2％）

↓お得な情報を一覧で確認出来るサイト
https://t.co/kMQYxgL6Rh

#楽天市場 #Amazon #お得 #せどり https://t.co/mie2QHbBGD",1.3112548151717765e+18
44,2020-09-30 10:45:10,CoolDealCA,"Highly Rated Portable Bluetooth Speaker for $22.99!!

#freebies #deals #deal #moneysaver #greatdeal #steals #discount #sale #bargain #bargainhunter #bargainshopper #cheap #bestprice #Amazon  #Deals #giveaway #Deal #ganga

 https://t.co/ZTDPOscoty https://t.co/eDVeosC9TD",1.3112557644561572e+18
45,2020-09-30 10:42:02,robinsnewswire,"""adidas Sale at eBay: Extra 25% off + free shipping: Deal News"" #Amazon #Ebay #Walmart #Discounts #Coupons #Deals: https://t.co/iVmfc77a5a",1.3112549751215104e+18
46,2020-09-30 10:39:13,IlMontanari,"La gara x i #dirittitv della #ChampionsLeague è entrata nel vivo: ieri e oggi la presentazione in ambito @UEFA 
Oltre a @SkyItalia #Mediaset #tim #rai e @DAZN_IT spunta e corre anche #Amazon mentre #Netflix non si è fatta viva https://t.co/RCQ3epsTxq",1.3112542649462702e+18
47,2020-09-30 10:45:11,ChaChaZon94,#Seguici su @ChaChaZon e rimani aggiornato sulle nuove #offerteamazon Visita il nostro sito: https://t.co/iBPAzLY2f2 #chachazon #offerteamazon #amazon #codiciscontoamazon #sconti #risparmiare #guadagnareonline,1.311255765164974e+18
48,2020-09-30 10:39:13,ilovesavingsca,40% OFF with CODE! https://t.co/Hb1uNWobis #ilovesavings #amazon #apparel,1.311254264690471e+18
49,2020-09-30 10:44:09,amzn_deals_de,"https://t.co/1ooflsYqRw Tchibo Cafissimo mini Kapselmaschine (für Kaffee, Espresso, Caffé Crema und Tee) (inkl. 30 Kapseln,) #Amazon #Deal https://t.co/qNnSIseYTU",1.3112555066197074e+18
,date,screen_name,tweet,tweet_id
0,2020-09-30 10:32:13,OnlyGearBest,"🌟 [𝗢𝗻𝗹𝘆 𝗚𝗲𝗮𝗿𝗯𝗲𝘀𝘁] 🌟

🔊 SWEYE Batería Externa 26800mAH Carga Rápida de Power Bank 2 USB Cargar y Luces LED [Ultra Capac #amazon

🌍 Enlace: https://t.co/DkMFo0Eh5v

Te esperamos en telegram: https://t.co/mPaN5u2fFj https://t.co/P3mWgVNjdw",1.3112525025249485e+18
1,2020-09-30 10:35:41,Rakuten_Amazon5,白物家電がお買い得！　除湿機やふとん乾燥機、扇風機、サーキュレーターなどの季節家電から、炊飯器、フードプロセッサーなどのキッチン家電、シェーバー、フェイスケア、デンタルケアなどの理美容・健康家... https://t.co/Tzp3vIJJMD #家電 #amazon,1.3112533763409592e+18
2,2020-09-30 10:36:04,StoreDynamis,"Men having good #fashion sense is hard to ignore. Halton Hills has designed new collection for such on-trend men tribe. Grab your choice of #clothingpiece now!!!

We are just one search away at #onlineplatforms like 💻available at #Amazon, Flipkart, Snapdeal https://t.co/POpKCyhmpf",1.311253474558972e+18
3,2020-09-30 10:32:47,creativemm12,"👉https://t.co/0g4udQMMWa #amazon👈
💯👉Auto Follower👈💯
💯👉#自動相互フォロー👈💯

#FollowNGain
#Yankees
#Titans
#National #Coffee #Day
#相互リツイート
#TFB
#followergenerator
#固定ツイートRT
#相互RT
#拡散希望RTお願いします
#bts
#seventeen",1.311252648004264e+18
4,2020-09-30 10:31:05,ilovesavingsca,Beauty for Days! 50% OFF with CODE! https://t.co/w8aOROseC2 #ilovesavings #amazon #anti-aging,1.3112522190067261e+18
5,2020-09-30 10:33:42,XperienceDope,"Blasting Elle Varner - Pour Me (feat. Wale)  right now on Pretty Dope Xperience Radio aka #BlackPandora

listen now and catch a wave!! https://t.co/VqKFopeoex  #nowplaying #np #RT  #NowStreaming #Streema Download Now #Alexa #GooglePlay #iOSAppStore #Amazon #",1.311252876975657e+18
6,2020-09-30 10:30:48,yuki_nagase,"【梅酒】ベスト10
萬歳楽 加賀梅酒 [ 720ml ]
https://t.co/PqKWemGcVD #Amazon",1.3112521474308055e+18
7,2020-09-30 10:32:14,MenudoPaquete,"🌟 [𝗠𝗲𝗻𝘂𝗱𝗼 𝗣𝗮𝗾𝘂𝗲𝘁𝗲] 🌟

🔊 SWEYE Batería Externa 26800mAH Carga Rápida de Power Bank 2 USB Cargar y Luces LED [Ultra Capac #amazon

🌍 Enlace: https://t.co/VUmCjwOdiw

Te esperamos en telegram: https://t.co/IbEojfZpa4 https://t.co/KG9aFpGnaX",1.3112525102424637e+18
8,2020-09-30 10:30:53,allgujaratnews,"રૂપાણી સરકારનું રૂપાળુ જૂઠ વાંચો, ગુજરાતમાં એમેઝોનની પાછળ સરકારના આવા છે જૂઠાણા
https://t.co/VYtHwLhWWQ

#ahmedabad #AMC #gujarat #Vijayrupani #BJP #allgujaratnews #BJPCorruption #courruption #electionbegins #BJPKilledDemocracy #amazon #amazoncompany #government #BJPgovernment",1.311252166494032e+18
9,2020-09-30 10:36:24,rakten_kaden_,"09/30 19:36

【送料無料!!】【沖縄・離島は送料別途】【あす楽対
【楽天】1328円
【Amazon】1330円

★楽天で購入すると★
 2円 お得（お得率0％）

↓お得な情報を一覧で確認出来るサイト
https://t.co/kMQYxgL6Rh

#楽天市場 #Amazon #お得 #せどり https://t.co/1TL88fmiPb",1.311253555068547e+18
10,2020-09-30 10:35:50,kana_ogawa,"【洋酒】ベスト10
シングルモルト ウイスキー グレンフィディック12年 [イギリス 700ml ]
https://t.co/HmH64xPBFO #Amazon",1.3112534155534623e+18
11,2020-09-30 10:33:08,ChooseUK,The Amazon Echo Show is part of the #Amazon smart home family but how does it work? We took one for a test drive to find out: https://t.co/No1pqv15fr #SmartHome #Alexa https://t.co/XIFv0ozx9G,1.311252735686312e+18
12,2020-09-30 10:33:44,Steve_Games,"Just a few pages from SUNBIRTH my new book on Amazon

#Kindle #KindleUnlimited #amwriting #scifi #comics #art #indie #gamedev #indiedev #space #Marvel #DC #Ai #NowPlaying #Amazon #ian1 #BookBoost #IARTG #sciencefiction #quantum #future #history https://t.co/T3TP5PJl1z",1.3112528840178688e+18
13,2020-09-30 10:31:40,DealWik,"Wall Control Galvanized Steel Pegboard Tool Organizer $66⁠
⁠
Grab link here: https://t.co/dYfUm1uOZu
⁠
It features magnetic panels, steel prevents pegboard holes from wear, galvanized rust-resistant finish.

#galvanized #pegboard #organizer #garage #dealwiki #amazon⁠
⁠ https://t.co/2gLpyHIV84",1.3112523652998472e+18
14,2020-09-30 10:35:13,GratisCasi,"⁠ MINI PRECIO #Amazon

Adidas Victory League 3in1 Gel de Ducha - 250 ml

AHORA 2.12€
Envío gratuito

: https://t.co/DigIPh41VV

Más chollos en OFERTACULAR
https://t.co/1aLHIgE0D3 https://t.co/huPlLLYqgB",1.311253259450024e+18
15,2020-09-30 10:30:54,MrJohnStrange,@AmazonHelp I love how your customer service reps tell you exactly what you want to hear and then do nothing about your issue! #amazon #customerservicefail 👎🏻,1.3112521709441884e+18
16,2020-09-30 10:30:43,yuki_nagase,"【梅酒】ベスト10
[Amazon限定ブランド] サントリー SPBC 山崎蒸溜所貯蔵 ワイン樽仕込 梅酒 [ 750ml ]
https://t.co/MIJCeb5NSn #Amazon",1.3112521254484337e+18
17,2020-09-30 10:33:22,GodsTerp,"https://t.co/C2jJC6q4tT
Hit this link for some free beats and new tracks #treasureonweeklyidol #PresidentialDebate #PresidentialDebate2020 #SoundCloud #Trump2020Landslide #BLACKPINK #JusticeForManishaValmiki #BBMAs #Amazon #JusticeForManisha #AppleOne #Binance #beats https://t.co/CJSqhc4Tft",1.3112527935130542e+18
18,2020-09-30 10:33:53,StoreDynamis,"✍️Do not let the style of others, dull your spark. Spark your style with #trendingclothing💥 collection of Halton Hills. Available at its #onlinestore💯
Store at ✯ Amazon ✯ COD.

#Amazon 🛒: https://t.co/mzVf4BX0uZ

#mensfashion #fashion #haltonhills #haltonhillsonline https://t.co/9NuEr8KsrZ",1.311252922202755e+18
19,2020-09-30 10:31:55,_akhilu_,I'm in the running to win $25 PayPal cash or a $25 Amazon giftcard! #giveaway #win #sweepstakes #amazon #paypal #giftcard #contest https://t.co/GQ55qFQzlC,1.3112524281430344e+18
20,2020-09-30 10:36:00,hispachollos,"🌀 Decdeal Adornos Árbol Navidad Colgantes Muñeco de Nieve Decoración Colgante de Bricolaje Personalizados para Familiares Amigos Fiesta Adornos Navideños Manualidades. #Amazon 🇪🇸

🔘 Adornos para esta próxima Navidad!!!

💶 Precio ofer ...
https://t.co/PwRXsJxPAw
#chollo",1.3112534549086863e+18
21,2020-09-30 10:34:53,KEEPON_DITC,【本日発売】NO REGRET TO HARDCORE https://t.co/5r2aORaX1l #Amazon,1.3112531731310674e+18
22,2020-09-30 10:35:45,kana_ogawa,"【洋酒】ベスト10
シングルモルト ウイスキー ザ・マッカラン ダブルカスク 12年 [イギリス 700ml ] [ギフトBox入り]
https://t.co/x8DPVwKGNl #Amazon",1.3112533937011057e+18
23,2020-09-30 10:36:12,offield1111,"J.Michael/Jマイケル TB-480 ヤマハお手入れセット + 教則本付16点セットテナートロンボーン https://t.co/sOtH6dB2Xo #Amazon

うーむ🤔",1.311253506473431e+18
24,2020-09-30 10:35:40,kana_ogawa,"【洋酒】ベスト10
オールドパー 12年 [ ウイスキー イギリス 750ml ]
https://t.co/S9BjWgZo6K #Amazon",1.3112533714755666e+18
25,2020-09-30 10:31:12,Rrrrrr1203,"鳥マニアとしては買わざるを得ない。

アレックスと私 (ハヤカワ文庫NF) https://t.co/0l7YHs3JX7 #Amazon",1.3112522480228516e+18
26,2020-09-30 10:30:46,TanCozy,"これに、何かの数値を掛け合わせたら、Jeff Bezosの給料になるのか？
#JeffBezos #amazon
Amazon倉庫での「深刻な負傷」の発生率は業界平均の2倍、自動化が進んだ倉庫で特に負傷率が高いとの指摘 - GIGAZINE https://t.co/Dgjj0DV9ev",1.311252139306492e+18
27,2020-09-30 10:35:14,kana_ogawa,"【洋酒】ベスト10
シングルモルトウイスキー ボウモア 12年 [ ウイスキー イギリス 700ml ]
https://t.co/d2KSZpBvPw #Amazon",1.3112532617231647e+18
28,2020-09-30 10:32:02,AmazonReviewES,"El aperitivo⁣
⁣
Aquí van los chollacos: 🤘 --&gt; https://t.co/jh4usbbGa3⁣
#chollos #amazon #rebajas #gangas #barato #otoño #autumn #winterIsComming #cool #bufanda https://t.co/5n4mQGIRiH",1.3112524566392627e+18
29,2020-09-30 10:34:12,Synextra,"🔒How secure is this?
 #amazon #amazonone #palm #palmtechnology #palmpay #security 

https://t.co/Vai4GOnsX7",1.311253003970773e+18
30,2020-09-03 18:26:48,LenovoLegion,"Lenovo Legion x @PlayApex
Now is your chance to rise above the rest. 
Unmatched performance, purposeful engineering, modern design.
Gear up with a machine as savage as you are.
Stylish outside.
Savage inside.",1.301587465258578e+18
31,2020-09-30 10:35:29,kana_ogawa,"【洋酒】ベスト10
ジャックダニエル ブラック [ ウイスキー アメリカ合衆国 3000ml ]
https://t.co/FHFnzHn0bF #Amazon",1.3112533276995215e+18
32,2020-09-30 10:35:03,kana_ogawa,"【洋酒】ベスト10
バランタイン 17年 40度 750ml [並行輸入品]
https://t.co/jMJoED4y7r #Amazon",1.3112532179137085e+18
33,2020-09-30 10:35:24,kana_ogawa,"【洋酒】ベスト10
ジョニーウォーカー ブルーラベル ギフトボックス入り [ ウイスキー イギリス 750ml ]
https://t.co/7LvoeDhJgU #Amazon",1.3112533056920207e+18
34,2020-09-30 10:33:42,Youssefaz87,"Last Chance! Would you like to win a $50 Amazon Gift Card or PayPal Deposit? Check out this easy entry Gleam giveaway for a chance to #WIN

Open Worldwide

@GooseGiveaways #wingiftcard #wincash #amazon #paypal #winmoney #sweepstakes #giveaways https://t.co/K6oQ3VMXzn",1.3112528787707412e+18
35,2020-09-30 10:31:23,rakten_kaden_,"09/30 19:31

マキタ　充電式クリーナー［コードレス／紙パック式］
【楽天】14037円
【Amazon】14135円

★楽天で購入すると★
 98円 お得（お得率1％）

↓お得な情報を一覧で確認出来るサイト
https://t.co/kMQYxgL6Rh

#楽天市場 #Amazon #お得 #せどり https://t.co/xb7kPwb9s8",1.311252294831276e+18
36,2020-09-30 10:33:25,Charlie_Cawood,"Anderson .Paak - Who R U? #bigtimeradio https://t.co/N76xPoatRr @Charlie_Cawood @BigTimeRadio1 @bigtime_news
 on #Amazon Echo &amp; App https://t.co/c7cZfm4MQo  #Top40 #Music 247 #Worldwide 3 #Radio #Stations 43 #Countries #Interviews #Billboard https://t.co/JiPHr6jZyC  #SUBMI",1.3112528077612524e+18
37,2020-09-30 10:35:08,kana_ogawa,"【洋酒】ベスト10
シングルモルト ウイスキー ザ マッカラン 12年 [イギリス 700ml ] [ギフトBox入り]
https://t.co/lb1vvEYzpw #Amazon",1.3112532398036992e+18
38,2020-09-30 10:35:35,kana_ogawa,"【洋酒】ベスト10
竹鶴ピュアモルト [ ウイスキー 日本 700ml ]
https://t.co/PtWqNnjT6Z #Amazon",1.3112533495812424e+18
39,2020-09-30 10:31:58,domadomad,(任天堂/3DS)  ゼルダの伝説 時のオカリナ 3D (ARPG) 予約販売受付中！ https://t.co/nkCLvXWRxS　#3DS #DS #followmejp #videogame #amazon,1.3112524425295053e+18
40,2020-09-30 10:35:19,kana_ogawa,"【洋酒】ベスト10
ヘネシー X.O [ ブランデー 700ml ]
https://t.co/7LJovkF9Um #Amazon",1.3112532836678124e+18
41,2020-09-30 10:34:49,JTTG,"Really impressed with the #AmazonPodcast layout of The Bunyip Review! 

Looking for more ways to enjoy the podcast? Let me know and I'll make it happen!

https://t.co/MVyvuue1B5

#Podcast #Podcasting #Amazon #Film #TV #FilmReview #Review #Videogames #Gamingpodcast #Buzzsprout https://t.co/3yyxeZ6lJf",1.3112531565847388e+18
42,2020-09-30 10:35:10,OfertacularRL,"‼️MINI PRECIO‼️ 👁‍🗨 #Ofertacular #Amazon #chollo #oferta #ganga

⚫️ Adidas Victory League 3in1 Gel de Ducha - 250 ml

🛒: ➡️ https://t.co/ylw7zSqqQm ⬅️ https://t.co/OJi8bsrxZd",1.3112532449083146e+18
43,2020-09-30 10:31:00,heyiamleo_,"Ils sont mignons les livreurs #Amazon ils ont livré mon colis à mon concierge :) 

J’ai pas de concierge je vis dans une maison",1.311252197821354e+18
44,2020-09-30 10:30:48,OneindiaBengali,"অনলাইন অর্ডারে চাহিদা! উৎসবের মরসুমে আরও ৩ লক্ষ লোক নিয়োগ অ্যামাজন, ফ্লিপকার্টের
https://t.co/WDyItgKJr5
#Jobs #Flipkart #Amazon",1.3112521487100723e+18
45,2020-09-30 10:34:05,SolTaylorRdL,"✅Éxito mundial en castellano, francés, inglés e italiano          @enriquelaso@merylaso
✅Nº1 general en #Amazon y #kobo 🇪🇸🇫🇷🇮🇹
#BestSeller 🔝 #Kindle
¿Conoces ya el misterio que ocultan estos crímenes? 
HOY $2.99 ▶️ https://t.co/tc6Vj0Gdz9 
@enriquelaso @merylaso https://t.co/u4LiNiURqb",1.311252972014383e+18
46,2020-09-30 10:32:23,2iro98,"@HarukiKai0628 春木さんぴこんをお願いします！
MacBookがあれば多くの事ができます！
学生の未来に投資を！

Amazonほしい物リストを一緒に編集しましょう https://t.co/d76gZ1wlY3 #Amazon",1.3112525454451384e+18
47,2020-09-30 10:32:14,reinadellowcost,"🌟 [𝗟𝗮 𝗿𝗲𝗶𝗻𝗮 𝗱𝗲𝗹 𝗟𝗼𝘄𝗰𝗼𝘀𝘁] 🌟

🔊 SWEYE Batería Externa 26800mAH Carga Rápida de Power Bank 2 USB Cargar y Luces LED [Ultra Capac #amazon

🌍 Enlace: https://t.co/ad57db8Ecy

Te esperamos en telegram: https://t.co/Jxndx9pJCJ https://t.co/6EkJjCS8cV",1.311252506341761e+18
48,2020-09-30 10:31:53,identity_amy,"Could that mysterious free #Amazon package you received be a gift from an admirer, or actually a trojan horse?

If you haven't checked out this @IdentityExperts blog, you really should.
#Brushing #BrushingScam #DataSecurity https://t.co/O4736eFRem",1.311252421889405e+18
49,2020-09-30 10:35:08,CoolDealCA,"Highly Rated Wireless Earbuds for $19!!

*Nice backup pair

#freebies #deals #deal #moneysaver #greatdeal #steals #discount #sale #bargain #bargainhunter #bargainshopper #cheap #bestprice #Amazon  #Deals #giveaway #Deal #ganga

 https://t.co/0RX6VUo0tT https://t.co/sAxzXRn1lN",1.3112532386630574e+18
,date,screen_name,tweet,tweet_id
0,2020-09-30 10:29:05,AmznprimeR,"■　■　■　■　■　■
Amazon Prime Video
売れ筋、人気TOP5
#3位
【コマンドー (吹替版)】
#primevideo
#amazon
#コマンドー (吹替版)
 https://t.co/oQX4QzaY6N",1.3112517163864556e+18
1,2020-09-30 10:30:21,CoolDealCA,"144HZ #Gaming Monitor  #Deals!! 💻

Acer 23.6in - 

AOC 24in -  

#freebies #deals #deal #moneysaver #greatdeal #steals #discount #sale #bargain #bargainhunter #bargainshopper #cheap #bestprice #Amazon  #Deals #giveaway #Deal #ganga

 https://t.co/cJWBodH0BL https://t.co/Mn4z0oFY4a",1.31125203261193e+18
2,2020-09-30 10:26:21,DhrubRaaj,"BYJU'S Class 11+12 (PCM) JEE Preparation - 7"" Tablet (Tablet) https://t.co/oovU5ZzjI7 Shop for Computer Software at the #Amazon.in https://t.co/RwNZS19tJk",1.31125102727501e+18
3,2020-09-30 10:30:37,creativemm12,"👉https://t.co/78jMG9gCYC  #amazon👈
💯👉Auto Follower👈💯
💯👉#自動相互フォロー👈💯

#TFW
#Yankees
#Titans
#White #Sox
#1000ADay
#followergenerator
#固定RT
#500ADay
#FollowNGain
#拡散希望RTお願いします
#f4f
#TeamFollowback",1.3112521015493632e+18
4,2020-09-30 10:30:02,YabRock,透明な音楽2 / S.E.N.S. https://t.co/j5RABc1o3n #NewAge #アマゾン #Amazon #AmazonJP,1.311251952940933e+18
5,2020-09-30 10:27:34,ilovesavingsca,Nestle Mini’s at a Mini Price!! https://t.co/vIP3brw1qO #ilovesavings #amazon #bars,1.3112513336268554e+18
6,2020-09-30 10:26:10,TheKognacKid,So good I had to share! Check out all the items I'm loving on @Poshmarkapp from @MKopacki #poshmark #fashion #style #shopmycloset #ralphlauren #nike #amazon: https://t.co/13HWUvjEoP https://t.co/oZfLQ6FcHs,1.3112509811751772e+18
7,2020-09-30 10:26:20,DhrubRaaj,AVG Ultimate (Unlimited Devices | 1 Year) + AVG Antivirus for Android - Pro (1 Device | 1 Year) https://t.co/sUZmUuzWQc Shop for Computer Software at the #Amazon.in https://t.co/RwNZS19tJk,1.31125102245154e+18
8,2020-09-30 10:30:00,AlphaRepricer,"Alpha Repricer cheapest repricer for Amazon India.

https://t.co/Cu3pvzCEq9

#Amazon #AmazonRepricer #AlphaRepricer #amazonindia #sellersofAmazon #fba #India #fbasellers #Mumbai #NewDelhi #Delhi #Chennai #Pune #Hyderabad #Bangalore https://t.co/cuEICt7iej",1.3112519449717268e+18
9,2020-09-30 10:28:03,s_repose,Books - take your pick... #Suspense #BookBoost #author #WritingCommmunity #Amazon #PopBooks https://t.co/wbVbFnHmUr,1.311251454204588e+18
10,2020-09-30 10:25:58,ZTt615n,"@HarukiKai0628 開さんお疲れ様です。
宜しくお願いします🤗🤲
Amazonほしい物リストを一緒に編集しましょう https://t.co/4ypdWNHldU #Amazon",1.3112509310281236e+18
11,2020-09-30 10:30:01,AustraloTeam,"Palm Scanning Tech to sign into events
Progress or breach of privacy?
#privacy #Amazon #COVID-19
https://t.co/2UYeucolbD",1.311251949472215e+18
12,2020-09-30 10:30:12,boerseonline,#Amazon-Aktie bricht Korrekturtrend: Jetzt positionieren https://t.co/b1vaDfjuk9 https://t.co/HEwm0Zh5ls,1.3112519959537132e+18
13,2020-09-30 10:30:03,amazon_rankinQ,"【イヤホン】
Anker Soundcore Life U2（ワイヤレスイヤホン Bluetooth5.0）【IPX7防水規格 / 最...
￥3,990
https://t.co/r4MeZj26Ka
#amazon",1.3112519578357268e+18
14,2020-09-30 10:29:23,OfertacularRL,"‼️FUNKO GOT FLAMING ARROWS‼️ 👁‍🗨 #funkochollo #Amazon #chollo #oferta #ganga #funko #funkopop

⚫️ Funko Pop! TV: Game of Thrones - Theon w/Flaming Arrows, Multicolor, Talla Única

🛒: ➡️ https://t.co/Q77JX9vVi5 ⬅️

🟢 https://t.co/SdTO2TTDka https://t.co/9kdZyiFcwe",1.311251788931248e+18
15,2020-09-30 10:29:46,ZTt615n,"@HarukiKai0628 開さん気づいて〜
お願いしま〜す🤗🤲Amazonほしい物リストを一緒に編集しましょう https://t.co/4ypdWNHldU #Amazon",1.3112518889988096e+18
16,2020-09-30 10:30:03,RussellBoon1,https://t.co/iFI1S8xiKP Available now at #Amazon #THINKDECIDEACT https://t.co/c9PsQPPQsy,1.3112519601469317e+18
17,2020-09-30 10:26:20,DhrubRaaj,"Microsoft 365 Personal | 12-Month Subscription, for 1 Person (Activation Key Card) https://t.co/wHGEnaPr5J Shop for Computer Software at the #Amazon.in https://t.co/RwNZS19tJk",1.3112510247121715e+18
18,2020-09-30 10:26:23,rakten_kaden_,"09/30 19:26

Panasonic/パナソニック EH-NA0E-
【楽天】27500円
【Amazon】28900円

★楽天で購入すると★
 1400円 お得（お得率5％）

↓お得な情報を一覧で確認出来るサイト
https://t.co/kMQYxgL6Rh

#楽天市場 #Amazon #お得 #せどり https://t.co/j23JJMiXqn",1.3112510347280507e+18
19,2020-09-30 10:29:05,AmznprimeR,"■　■　■　■　■　■
Amazon Prime Video
売れ筋、人気TOP5
#2位
【キングスマン(吹替版)】
#primevideo
#amazon
#キングスマン(吹替版)
 https://t.co/aE6ibwFS1b",1.3112517137817928e+18
20,2020-09-30 10:30:38,XperienceDope,"Blasting DVSN, PARTYNEXTDOOR - Friends (Club) right now on Pretty Dope Xperience Radio aka #BlackPandora

listen now and catch a wave!! https://t.co/VqKFopeoex  #nowplaying #np #RT  #NowStreaming #Streema Download Now #Alexa #GooglePlay #iOSAppStore #Amazon #",1.3112521050642186e+18
21,2020-09-30 10:28:32,ykswld,【メーカー特典あり】Little Gle...今売れています！https://t.co/BZleC9ag5j #follow #sougo #Amazon #アマゾン,1.3112515755082752e+18
22,2020-09-30 10:30:00,IpsosRP,Amazon introduces palm-scan tech at Go stores https://t.co/3sMgofNzSf c/o @RetailSystems #Amazon #retailtech #AmazonOne #retailnews #ecommercenews https://t.co/8DLC5OEtLb,1.3112519449173033e+18
23,2020-09-30 10:28:05,chollosyoferta,"#Chollo #Amazon LG HF80JG   Proyector láser TV portátil Full HD 1080 (Pantalla de 40 Pulgadas a 120 Pulgadas, 2000 lúmenes, Alto Contraste 150.000:1 y hasta 15 años de Vida útil en la lampara)

Reacondicionado: 569,27

    👇👇👇👇👇👇👇
👉 https://t.co/cZ0YvDG18N https://t.co/OpDRb3r6c2",1.3112514617713418e+18
24,2020-09-30 10:29:07,AmznprimeR,"■　■　■　■　■　■
Amazon Prime Video
売れ筋、人気TOP5
#4位
【ザ・コンサルタント(字幕版)】
#primevideo
#amazon
#ザ・コンサルタント(字幕版)
 https://t.co/I6BV6Epck7",1.31125172303027e+18
25,2020-09-03 18:26:48,LenovoLegion,"Lenovo Legion x @PlayApex
Now is your chance to rise above the rest. 
Unmatched performance, purposeful engineering, modern design.
Gear up with a machine as savage as you are.
Stylish outside.
Savage inside.",1.301587465258578e+18
26,2020-09-30 10:27:09,ETF_Europe,"📢ETF joins @UNI_Europa &amp; 🖊️📨 calling on @ThierryBreton &amp; @NicolasSchmitEU to open an investigation into #Amazon’s potentially illegal activities against their workers in Europe‼️

➡️https://t.co/9n0mTnyJh9

@EU_Commission must act now‼️ https://t.co/5fVBuCzyrK",1.3112512284589793e+18
27,2020-09-30 10:30:01,yuki_nagase,"【梅酒】ベスト10
サントリー 山崎蒸溜所貯蔵焙煎樽仕込梅酒 [ 660ml ]
https://t.co/cgjfh8KoRe #Amazon",1.3112519497364767e+18
28,2020-09-30 10:26:22,DhrubRaaj,"Quick Heal Total Security Latest Version - 2 PCs, 3 Years (DVD) https://t.co/NALcQxklia Shop for Computer Software at the #Amazon.in https://t.co/RwNZS19tJk",1.3112510308233134e+18
29,2020-09-30 10:30:11,yuki_nagase,"【梅酒】ベスト10
梅酒 梅香 百年梅酒プレミアム [ 720ml ]
https://t.co/VP79xkeYPp #Amazon",1.3112519937682842e+18
30,2020-09-30 10:29:15,dgreenamonster,"#iheartradio #musicproducer #songwriter #stream #spotify #hiphopmusic #tiktok #repost #itunes #unsignedartist #rapmusic #applemusic #song #amazon #pandora #indie #viral #rappers #femaleempowerment #explore #femaleartist #indiemusic #independentartist 

 https://t.co/eENZWVDuZv",1.3112517584176865e+18
31,2020-09-30 10:25:35,AmazonCoin_io,"AmazonCoin ⬇
$AMA ➡ $0,0177

👉👉 https://t.co/GydSZXKIno 🌿

#amazoncoin #amazon #nature #decentralized #green #cryptocurrencies #cryptocurrency #crypto #defi #dex #cryptonews #ethereum #ether #eth #blockchain #coin #token #ico #tokensale #startup #bitcoin  #btc $BTC $ETH https://t.co/KgOApRiqzE",1.3112508338840248e+18
32,2020-09-30 10:30:22,yuki_nagase,"【梅酒】ベスト10
チョーヤ さらりとした梅酒 [ 1800ml ]
https://t.co/Yjcs6r330W #Amazon",1.3112520376323195e+18
33,2020-09-30 10:29:04,AmznprimeR,"■　■　■　■　■　■
Amazon Prime Video
売れ筋、人気TOP5
#1位
【キングスマン(字幕版)】
#primevideo
#amazon
#キングスマン(字幕版)
 https://t.co/ypsIMD02Vr",1.3112517118061732e+18
34,2020-09-30 10:29:08,AmznprimeR,"■　■　■　■　■　■
Amazon Prime Video
売れ筋、人気TOP5
#5位
【アンダー・ザ・スキン　種の捕食(字幕版)】
#primevideo
#amazon
#アンダー・ザ・スキン　種の捕食(字幕版)
 https://t.co/bfIFMGti9V",1.3112517277151928e+18
35,2020-09-30 10:30:06,yuki_nagase,"【梅酒】ベスト10
山崎蒸溜所貯蔵スモーキー原酒樽仕込梅酒 2020年 Limited Edition [ 660ml ]
https://t.co/509LDOUBFq #Amazon",1.3112519716852326e+18
36,2020-09-30 10:30:15,codigos_solo,"✂️Código en Brochas Maquillaje Profesional 8 Piezas
https://t.co/5Oxg2xlFMq

 #codigos #cupones #chollos #aliexpress #banggood #ofertas #telegram #amazon #offers #gearbest #ebay
ℹ️ Ver código ⤵️",1.311252007303381e+18
37,2020-09-30 10:25:22,stupidtinendo,"@amazon please stop making commercials where people talk to their “Alexa”, because your consumers “Alexa’s” go crazy everytime those commercials come on, doing whatever the commercial tells them. #facepalm #alexa #shortsighted #amazon #amazonalexa #echo",1.3112507804192317e+18
38,2020-09-30 10:29:28,hispachollos,"🌀 DEIK Fiambreras, Contenedores de Alimentos, Set de Recipientes Herméticos, 8 Piezas, Sin BPA, Apta para lavavajillas, congelador, Tamaños variados, Color transparente. #Amazon 🇪🇸

🕘 PRECIO FLASH: 16,99€

💶 Precio oferta: 19,99€ 💥

 ...
https://t.co/Vtsh8QPIlX
#chollo",1.3112518107332485e+18
39,2020-09-30 10:29:29,Info_forever01,ビオレ うるおいジェリー とてもしっとり 本体 180ml https://t.co/HmB63Z19lM　ビオレ(*´∀`*) #amazon #beauty #beautiful #happy #life #cosme #bodycare #skincare #everyday,1.3112518168233533e+18
40,2020-09-30 10:25:34,akiba_0044,[カシオ]CASIO 腕時計 スタンダード MQ-24-7B2LLJF https://t.co/ADVG3YWjkg #Amazon 研修で時計を使うんでという事で買ったんだけど、かなりいい買い物が出来た気がする！,1.311250831165907e+18
41,2020-09-30 10:26:12,Kidkrump_kk,"デュオゲリラ #荒野行動

🥇 賞金 1500×２

⏰24時30分 24:30
🗓9/30 (水曜)

確定枠 + 大会配信あり

#デュオ #ゲリラ #賞金ルーム
#デュオゲリラ #シングル #大会
#iTunes #Amazon #Google
#スクワッド #クインテット #配信
#9月30日 #24時半 #確定枠 #荒野 https://t.co/zfWRTdoJ6J",1.3112509891443548e+18
42,2020-09-30 10:30:17,yuki_nagase,"【梅酒】ベスト10
チョーヤ梅酒 The CHOYA AGED 3YEARS [ 720ml ]
https://t.co/PjfhLJudj0 #Amazon",1.311252015712891e+18
43,2020-09-30 10:25:15,creativemm12,"&lt;Current Weather&gt;
Boston
Temperature: 73.11°F/ Status: rain
👉https://t.co/6p6VOOkmYa #amazon👈
💯👉Auto Follower👈💯
💯👉#自動相互フォロー👈💯

#RT企画
#Yankees
#Eric #Trump
#Hillary #Clinton
#TFW
#autofollower
#RT企画
#followermachine",1.311250752501764e+18
44,2020-09-30 10:30:38,yuki_nagase,"【梅酒】ベスト10
サントリー 山崎蒸溜所貯蔵 焙煎樽仕込梅酒 非売品オリジナルグラスセット [ 660ml ]
https://t.co/SlXuE1JZfL #Amazon",1.3112521034913219e+18
45,2020-09-30 10:30:27,yuki_nagase,"【梅酒】ベスト10
The CHOYA SINGLE YEAR 至極の梅 650ml [ リキュール ]
https://t.co/OhevC1t9Jf #Amazon",1.3112520595056148e+18
46,2020-09-30 10:30:32,yuki_nagase,"【梅酒】ベスト10
サントリー 山崎蒸溜所貯蔵 焙煎樽熟成 梅酒 [ 750ml ]
https://t.co/DTLdH8T3sP #Amazon",1.311252081471152e+18
47,2020-09-30 10:30:20,StoreDynamis,"🙋‍♂️Quality is of utmost importance to all. Halton Hills🛒 designs and manufacture apparels that define comfort, quite well. Get your comfortable and favorite #colorapparel from Halton Hill’s #onlinestore💥

Store at ✯ Amazon ✯ COD.

#Amazon 🛒: https://t.co/mzVf4BFp6p https://t.co/PRD7S6eFwW",1.3112520314499645e+18
48,2020-09-30 10:30:29,AlifiedD,UK team Locked my account 10 days are passed I submitted the Utility bill they asked more then 100 times and Fax the Bill more then 10 times No reply Poorest Service Worst Company #Amazon No Ethical Behavior Same Reply Every 24 hours @JeffBezos @AmazonHelp,1.311252067655258e+18
49,2020-09-30 10:27:28,meka_zansu,"@okanenotsubo ご縁がありますように🙏✴
#Amazonギフト券  #プレゼント企画  #懸賞 ⁠  #プレ企画 #アマギフ #Amazon #ギフト券",1.3112513070851932e+18
,date,screen_name,tweet,tweet_id
0,2020-09-30 10:21:37,kishorekumar86V,I played this interesting Quiz on Amazon https://t.co/xpHAaultpl #Amazon,1.311249835186557e+18
1,2020-09-30 10:22:30,YvanDupuy,https://t.co/ix48pTB6gf #AmazoneOne #Amazon https://t.co/WIPjeHVRJ5,1.3112500584285348e+18
2,2020-09-30 10:18:54,freeboostpromo,"☆""Base Exodus 1: un thriller dinamico e attuale""☆

#Amazon
https://t.co/pSWHfK9v9s

#Romanzi #Libri #Terrorismo #Thriller #Avventura #Suspense #Spionaggio
#Spy #Romanzo #Letture #Ebooks
#IARTG #PDF1 #T4US #BookBoost",1.3112491537212744e+18
3,2020-09-30 10:22:10,YUYAGV95zQdCHHi,"お疲れ様です
9月30日(水) 
#JUJU さんの #ニューシングル が発売。こちらのブログでは #Amazon #楽天ブックス の商品をご紹介してます。ぜひご覧ください
https://t.co/ADEJhRQUc1",1.3112499764800266e+18
4,2020-09-30 10:23:39,TulioNoticias,#Amazon presenta sistema para pagar con la #palma de la #mano https://t.co/IUKOd8840e #fb #economía #pagos #ticker,1.3112503484730204e+18
5,2020-09-30 10:22:56,blogosum,"#Amazon for travellers: ThinkANT 2Pack Universal 4 in 1 Multi Charger Cable 

 https://t.co/PLbKqntoHL

 #amazondeals #deals #gadgets #travel #giftguide #gift #giftidea #battery #charging #charge #smartphone #power #cable https://t.co/QdTvNSLN7i",1.3112501671280886e+18
6,2020-09-30 10:19:04,ShopSuperSmart,"@chetan_bhagat Get your copy here:
Check out One Arranged Murder by Bhagat, Chetan https://t.co/iteRc8BFpA via  @amazon  #Amazon #AmazonQuiz   #OneArrangedMurder  #AmazonIndia #chetanbhagat",1.3112491937517937e+18
7,2020-09-30 10:21:22,rakten_kaden_,"09/30 19:21

《レビュー書いてバスマットプレゼント★》洗濯機 6
【楽天】22800円
【Amazon】25980円

★楽天で購入すると★
 3180円 お得（お得率14％）

↓お得な情報を一覧で確認出来るサイト
https://t.co/kMQYxgL6Rh

#楽天市場 #Amazon #お得 #せどり https://t.co/2S5luieiXH",1.3112497747381576e+18
8,2020-09-30 10:23:57,m_yasuko_m_k,BUBKA (ブブカ) 2020年 11月号 https://t.co/7kwwYTXidg #Amazon,1.3112504231692083e+18
9,2020-09-30 10:23:32,vznrw,"Bei #Amazon gibt es etliche Schnäppchen für wenige Cent. Aber #Versandkosten können den Spaß mächtig trüben, zeigt unsere Stichprobe: https://t.co/ryMnVa633o",1.3112503185424138e+18
10,2020-09-30 10:17:51,creativemm12,"#GUNZE(グンゼ) の [グンゼ] ランニングシャツ オールシーズン 部屋干し・抗菌防臭 綿100% 2枚組 ボーイズ ホワイト 日本100 (日本サイズ100相当)
https://t.co/VkAPEwd5mB
#フォロバ100パーセント
#마켓팅
#amazon
#Titans
#Rebekah #Vardy
#128 #WATERLOO",1.3112488874416292e+18
11,2020-09-30 10:20:44,BilyHoliday,Join me in asking @FP_Champagne not to reward the destruction of the #Amazon! 🔥🔥 Immediately halt the Canada-Mercosur free trade deal &gt;&gt; #ActForAmazon #ClimateAction @GreenpeaceCA https://t.co/zlGAymupkX,1.311249612196524e+18
12,2020-09-30 10:20:23,recomendatron,"☑️Crucial BX500 480 GB CT480BX500SSD1 Unidad interna de estado sólido, hasta 540 MB/s  en oferta del 20%

‼️Oferta: 52.99€‼️

https://t.co/0QL9MroC8G

#FelizMiercoles #Miercoles  #Amazon #AmazonPrime #oferta https://t.co/zz3ZwlgENZ",1.3112495254541066e+18
13,2020-09-30 10:24:31,TheInStockRoom,"***New Deal***
4 Xcluder Garage Door Weathers...
New price $20
https://t.co/hqndDsKNLb
#Deals #newDeals #savings #Amazon https://t.co/P9jcHyzkbi",1.3112505677134316e+18
14,2020-09-30 10:20:13,rinrinrin021209,"@misakism13 

王子🍀*゜
#三崎優太 #えちる様 #闇汁 
#青汁砲で誹謗中傷撲滅

Amazonほしい物リストを一緒に編集しましょう https://t.co/KbOpbgEnbD #Amazon",1.3112494829488538e+18
15,2020-09-30 10:21:16,hispachollos,"🌀 TEENO taladro Percutor sin cable 21V 2 baterías de iones de litio 20 accesorios   guantes profesionales. #Amazon 🇪🇸

🕘 PRECIO FLASH: 50,99€

💶 Precio oferta: 59,99€ 💥

♻️ Reacondicionado: 49,76€

💳 Enlace: https://t.co/Z6ZpIWksK0

 ...
https://t.co/QVPoHrezF1
#chollo",1.3112497485281116e+18
16,2020-09-30 10:23:29,WordsThatStay1,Enter for a chance to #win a $50 #Amazon #giftcard and a #paperback from #USAT #bestselling #author @EvaPohler https://t.co/zxeaCVZt5O,1.3112503049780347e+18
17,2020-09-30 10:22:38,gogokohei2U,"『山と河が僕の仕事場　頼りない職業猟師+西洋毛鉤釣り職人ができるまでとこれから』(フライの雑誌社)の著者、牧浩之さんがYouTubeはじめられたそうで。＞RT
以前体調を崩していろいろ悩んでいたときに本を拝読して、感銘を受け、持ち直しました。おすすめです。
https://t.co/RgcwaiBOZI #Amazon",1.3112500936940175e+18
18,2020-09-30 10:25:00,XperienceDope,"Blasting Lea Robinson - Private Dancer (Club) right now on Pretty Dope Xperience Radio aka #BlackPandora

listen now and catch a wave!! https://t.co/VqKFopeoex  #nowplaying #np #RT  #NowStreaming #Streema Download Now #Alexa #GooglePlay #iOSAppStore #Amazon #",1.3112506869742756e+18
19,2020-09-30 10:24:12,recomendatron,"☑️Funda para Nintendo Switch – Younik Estuche Dura de Transporte en oferta del 32%

‼️Oferta: 17.67€‼️

https://t.co/WWvO3bkxnO

#FelizMiercoles #Miercoles  #Amazon #AmazonPrime #oferta https://t.co/WdyEx6Z0VW",1.311250487224791e+18
20,2020-09-30 10:18:15,recomendatron,"☑️Logitech G Pro Gaming Headset - Black - USB -  en oferta del 18%

‼️Oferta: 85.98€‼️

https://t.co/crKq15k0fm

#FelizMiercoles #Miercoles  #Amazon #AmazonPrime #oferta https://t.co/ExbKVGN5IY",1.3112489910410732e+18
21,2020-09-30 10:18:33,Designcreateall,次の瞬間には死ぬって思いながら、暮らすべきなのよ。（ココ・シャネル #chanel ） #amazon #design #brand,1.311249065267458e+18
22,2020-09-30 10:22:52,ilovesavingsca,BIG SAVINGS on the Keurig Duo! https://t.co/2j9qmCszdM #ilovesavings #amazon #brewer,1.3112501506822513e+18
23,2020-09-30 10:20:00,Tarrako1162,"🔥CHOLLO! #Amazon | #Ropa

📢Jack &amp; Jones #Bóxer (Pack de 3) para Hombre 
#PRIME

   ❌ Antes: 24,95€
   🔥 PRECIO OFERTA: 15,49€🔥 -38%
   🔰 Enlace: https://t.co/h8cvJ8d0hO https://t.co/jnXWdBe3IS",1.3112494288465756e+18
24,2020-09-30 10:19:17,jpaul82,https://t.co/q1mxccPgTc Gift Card in a Birthday Pop-Up Box https://t.co/JDQ94EjEMr #Amazon,1.3112492511843983e+18
25,2020-09-30 10:18:36,lacaramodels,Good luck to Paul and ethan who have been selected to self tape for an amazon production! #TeamLacara #fingerscrossed #ProudAgent #amazon https://t.co/IxZaNTN6l7,1.3112490774604022e+18
26,2020-09-30 10:24:37,CoolDealCA,"💲💰
4 Xcluder Garage Door Weathers...
#New  price $20

# #Deals #new #Deals #savings #Amazon  #Deal #ganga

 https://t.co/ldcpz6RsDp https://t.co/XqtsvOuLhs",1.3112505921830707e+18
27,2020-09-30 10:24:24,y_michinari,"この前テレビでやっていて、興味があったので買いました。
村上世彰、高校生に投資を教える。 https://t.co/toRfnwJMG1 #Amazon",1.3112505362937815e+18
28,2020-09-30 10:18:55,AxiComSpain,"¿Pagar con la palma de la mano? #Amazon quiere hacerlo posible 
Vía @pixeltech 
https://t.co/EqtITrNYz0",1.3112491558604513e+18
29,2020-09-30 10:23:39,sei1006sham,"オタク向けのお金の話の本がこちら。活字アレルギーでお金のこと考えたことない私でもサクッと読めたよ！おすすめ！

一生楽しく浪費するためのお金の話 https://t.co/j5fCSEg5hj #Amazon",1.3112503495885373e+18
30,2020-09-30 10:19:09,LakeMeader,Enter for a chance to #win a $50 #Amazon #giftcard and a #paperback from #USAT #bestselling #author @EvaPohler https://t.co/FMz4sfgokR,1.3112492137921044e+18
31,2020-09-30 10:24:09,SolTaylorRdL,"🔥 SUSPIRÁNDOTE 🔥

La suerte está echada y cada uno jugará sus cartas en esta partida sin igual. ¿Quién ganará?

Enlace: https://t.co/Yc9wpXY14q

#kindle #Amazon #KindleUnlimited #romance #romantica #amazon #erotica #eBooks #leer #amor https://t.co/KA9xGPRtDH",1.3112504738281923e+18
32,2020-09-30 10:19:30,systhub,"Brush The Plaque Away With a Fairywill #Sonic Electric Toothbrush, 15% Off https://t.co/NGGnWBrF60
#deals #amazon https://t.co/7kGChSFIti",1.3112493047875748e+18
33,2020-09-30 10:20:15,OfertacularRL,"‼️OFERTA WHISKY‼️ 👁‍🗨 #cholloshot #Amazon #chollo #oferta #ganga

⚫️ Kilbeggan Irish Whisky 70 cl

🛒: ➡️ https://t.co/GHwJEQQ3XH ⬅️

🟢 https://t.co/SdTO2TTDka https://t.co/OqUbl6CVqR",1.3112494935732183e+18
34,2020-09-30 10:19:32,XperienceDope,"Blasting Drake, Mary J Blige, Swizz Beatz - Fancy (Rmx) right now on Pretty Dope Xperience Radio aka #BlackPandora

listen now and catch a wave!! https://t.co/VqKFopeoex  #nowplaying #np #RT  #NowStreaming #Streema Download Now #Alexa #GooglePlay #iOSAppStore #Amazon #",1.31124931186756e+18
35,2020-09-30 10:22:18,recomendatron,"☑️Mochila antirrobo Impermeable, WAWJ Mochila para portátil Multiusos Daypacks con Puerto de Carga USB en oferta del 19%

‼️Oferta: 19.54€‼️

https://t.co/SeJ9Namf3H

 #FelizMiercoles #Miercoles  #Amazon #AmazonPrime #oferta https://t.co/uuOCXHCXYg",1.3112500080297042e+18
36,2020-09-30 10:18:35,BCN_Plus_R,"Amazon Echo autoが日本上陸！　新型コロナで変化するカーライフが追い風に https://t.co/vYMxIBbOlo
#BCN #Amazon.co.jp #スマートスピーカー  https://t.co/vYMxIBbOlo",1.31124907322846e+18
37,2020-09-30 10:23:13,yuyuecoco,"世界中でamazonが使える国は13しかないという事実　【 #2ちゃんねるまとめ 】 #アマゾン #アマゾンの真実 #Amazon 
 https://t.co/cp5BiWcv3k",1.3112502410945495e+18
38,2020-09-30 10:21:08,ShaoSaho,"#Amazon: paiement sans contact avec la paume de la #main. Après la reconnaissance faciale, digitale, la puce connectée au cerveau d'Elon Musk, l'identité (privée) du corps humain aura-t-elle encore un sens? https://t.co/Cqoyl2YtUZ via @CB_News",1.3112497137028833e+18
39,2020-09-30 10:19:00,kohjijapan,"【レビュー募集案件】

#バイクカバー

#Amazon
#Amazonレビュー
#レビュー募集中
#レビュー募集
#レビュアー https://t.co/UMlWpRgZdy",1.311249176739623e+18
40,2020-09-30 10:18:42,CoolDealCA,"💲💰
DeWalt Clear Protective Safety...
Reduced from $7 to $3

# #Deals #new #Deals #savings #Amazon  #Deal #ganga

 https://t.co/XUroLobMey https://t.co/B8g5P153jv",1.3112491003696906e+18
41,2020-09-30 10:22:49,97Lene1ms9mN6rk,"#Switch入荷速報
#Switch販売状況
入荷！在庫あり！

Nintendo Switch 本体 (#ニンテンドースイッチ) Joy-Con(L)/(R) グレー(バッテリー持続時間が長くなったモデル)

#Amazon
https://t.co/1oUSn6Oak3",1.3112501398272e+18
42,2020-09-30 10:20:34,tenkinsya,"L-SHINE LS650 暗視スコープ デジタル ナイトビジョン 2.5世代 日本正規品 https://t.co/KbJmvnWbEO #Amazon
新しいカメラを検討中",1.3112495718387139e+18
43,2020-09-30 10:23:41,KoxdWRnwW0rfqsZ,"#Switch入荷状況
#Switch在庫状況
入荷🔥在庫あり🔥

Nintendo Switch 本体 (#ニンテンドースイッチ) Joy-Con(L)/(R) グレー(バッテリー持続時間が長くなったモデル)

#Amazon
https://t.co/uNnsi8pguh",1.3112503557877637e+18
44,2020-09-30 10:20:12,RoMemoria,EL #CIRINEO (Una #Parábola sobre la impostura) ¿Quieres #Leer un #Relato #Impactante y magistralmente escrito? ¡Aquí lo tienes! ¡Sorpréndete y disfrútalo! #Relatos #ElmejorRelato #Amazon #KindleUnlimited https://t.co/RGvjDfuU5j https://t.co/MpTULAhNe5 https://t.co/O9U2SxtSQz,1.311249478163157e+18
45,2020-09-30 10:22:15,_mis_ter_e_,"Make #Superman LEGO portraits !!!

#dccomics #HenryCavill #christopherreeve #batman #benaffleck #dcfandome #JusticeLeague #JusticeLeagueSnyderCut #JusticeLeagueTheSnyderCut #kindle #kindlebooks #kindleunlimited #amazon
https://t.co/wzwkCq8iGR",1.3112499960088863e+18
46,2020-09-30 10:19:02,BEST300BOT,ベートーヴェン／交響曲第５番　【第６位】⇒https://t.co/fH2OQevNaK #amazon #bot 【第３位】フルトヴェングラー指揮ベルリンpo〈47〉,1.3112491852539453e+18
47,2020-09-30 10:24:39,gaoqiaomeizhi,"レビュー不要
ご興味がございましたら、ご遠慮なくご連絡してください。

  #アマゾンレビュー #アマゾン #amazon #レビューア #アマゾンレビュー募集 #レビュー #無料商品  #Amazonレビュー募集 #レビュー不要 https://t.co/9ngeAPB8cu",1.311250597694251e+18
48,2020-09-30 10:20:02,AcTouchTech,"Amazon, Flipkart festive sales to create 3 lakh jobs in e-commerce, logistics.
#Amazon #Flipkart #logistics
https://t.co/5Q3o0Ij2nq",1.3112494384055173e+18
49,2020-09-30 10:18:36,TheInStockRoom,"***New Deal***
DeWalt Clear Protective Safety...
Reduced from $7 to $3
https://t.co/yScUjlIq7u
#Deals #newDeals #savings #Amazon https://t.co/8otERPxjKG",1.3112490761811804e+18
,date,screen_name,tweet,tweet_id
0,2020-09-30 10:17:15,PrintPackGo,"Packaging, Makes a huge difference

Good Packaging protects your product,
Great Packaging protects your Brand

https://t.co/TYE6wZPcTD

#aonepack #pouches #boxes #rigidboxes #corrugated #monocartons #brownboxes #bangalore #packaging #design #chocolateboxes #amazon #flipkart",1.3112487381370593e+18
1,2020-09-30 10:12:49,mazhaikathalan,"இன்று இலவசம். கிண்டில் செயலியை தரவிறக்கம் செய்து. அதில் படிக்கலாம். Buy now for free க்ளிக் செய்து வாங்கிக் கொள்ளவும்.
#Kindle_freebooks
#Amazon

தமிழ் முருகன் || Thamizh Murugan || Tamil Murugan: இது புனைந்த கதையன்று.. வாழ்ந்த வரலாறு! (Tamil Edition) https://t.co/0KNn5u3YhM",1.311247620816298e+18
2,2020-09-30 10:11:39,KFJohnsonbooks,"I'm gonna get on some of y'all's nerve today because I'm SYKED! IT'S FINALLY HERE! HAPPY RELEASE DAY TO ME!
""WHAT I'D DO FOR LOVE 2"" LIVE ON #AMAZON &amp; EVERYWHERE!
AMAZON: https://t.co/uJPsEISLxI
AUTOGRAPHED: https://t.co/5WKXS838k2
#writerslift #writerscommunity #romanticsuspense https://t.co/5X50mIc6wc",1.3112473265147617e+18
3,2020-09-30 10:10:55,sofiasimplicity,"@zvw_redaktion Wieviele #Arbeitslose produzieren, will man #Amazon noch erlauben? 
Wir haben schon viele Arbeitslose u asylieren migrantisch noch mehr, aber übergeben Arbeit an Roboter? 
Kann d mal jemand thematisieren? Wie kann man in solch Zustände noch mehr Menschen Arbeit wegnehmen?",1.311247144389677e+18
4,2020-09-30 10:17:10,reinadellowcost,"🌟 [𝗟𝗮 𝗿𝗲𝗶𝗻𝗮 𝗱𝗲𝗹 𝗟𝗼𝘄𝗰𝗼𝘀𝘁] 🌟

🔊 Protector de Esquina (20pcs), Protecciones Transparentes Esquinas Protectores para Muebles, Fue #amazon

🌍 Enlace: https://t.co/p4WTPMhZTZ

Te esperamos en telegram: https://t.co/Jxndx9pJCJ https://t.co/CFF6j15u5d",1.3112487146111631e+18
5,2020-09-30 10:15:27,NosEbooks,Guide pratique de l’autoédition en ce moment gratuit dans sa version ebook sur #amazon https://t.co/j5Lbq9Lgab #bonplan #Kindle,1.3112482832732324e+18
6,2020-09-30 10:14:00,robertstanek,"TWENTY years later they are still at it... Speaking Out About Ugliness in the Publishing Industry...

https://t.co/AIaV7hsFhi

#bannedbooksweek #darngoodreads #freedomtoread #amwriting #amblogging
#amazon #goodreads #bnscifi #libraryresources https://t.co/GRKB4SinS3",1.3112479184944374e+18
7,2020-09-30 10:14:39,recomendatron,"☑️Lenovo Yoga 530-14IKB - Portátil Táctil Convertible 14"" FullHD Intel Core i5-8250U, 8GB RAM, 256GB SSD en oferta del 18%

‼️Oferta: 739.99€‼️

https://t.co/RPUh4fwiza

#FelizMiercoles #Miercoles  #Amazon #AmazonPrime #oferta https://t.co/Vse2Z2E5go",1.3112480821772288e+18
8,2020-09-30 10:12:37,chollosyoferta,"#Chollo #Amazon HP Pavilion Gaming 15 cx0004ns   Ordenador Portátil 15.6"" FullHD (Intel Core i7 8750H, 8GB RAM, 256GB SSD, Nvidia GeForce GTX 1050 4GB, Windows 10) Color Negro   Teclado QWERTY Español

Reacondicionado: 680,59

    👇👇👇👇👇👇👇
👉 https://t.co/DET5lEdzqw https://t.co/df81SYmz8F",1.311247571013251e+18
9,2020-09-30 10:15:16,Charlie_Cawood,"Justin Bieber - Love Yourself #bigtimeradio https://t.co/N76xPoatRr @Charlie_Cawood @BigTimeRadio1 @bigtime_news
 on #Amazon Echo &amp; App https://t.co/c7cZfm4MQo  #Top40 #Music 247 #Worldwide 3 #Radio #Stations 43 #Countries #Interviews #Billboard https://t.co/JiPHr6jZyC  #SUBMI",1.3112482372742922e+18
10,2020-09-30 10:11:59,FredFMadden,"Last Chance! Would you like to win a $50 Amazon Gift Card or PayPal Deposit? Check out this easy entry Gleam giveaway for a chance to #WIN

Open Worldwide

@GooseGiveaways #wingiftcard #wincash #amazon #paypal #winmoney #sweepstakes #giveaways https://t.co/rILiSnM6Ts",1.3112474102160548e+18
11,2020-09-30 10:11:42,chollosyoferta,"#Chollo #Amazon PDP   Auricular Afterglow Wireless AG 9+, Color Negro (Xbox One)

Reacondicionado: 38,54

    👇👇👇👇👇👇👇
👉 https://t.co/8mrHWJ6WSt https://t.co/JZj2NVYUY3",1.311247339479339e+18
12,2020-09-30 10:10:23,LaBilirrubinaRD,Tiroteo deja un muerto en instalaciones de #Amazon en #Florida https://t.co/XJOqOn7eUG #LaBilirrubina,1.3112470082090107e+18
13,2020-09-30 10:16:44,AtodariyaAsh,#Amazon #AmazonIn #AmazonIndia #India #OnePlus #OnePlusIndia #OnePlusIn #Oneplus8T5GAmazonQuiz #APPONLY #AppOnly #apponly #AmazonQuiz https://t.co/OpnRoAP4be,1.3112486093761126e+18
14,2020-09-30 10:16:29,mami11191,最近コスプレ以外のオリジナルも撮りたいって言われる事が増えたのでリストに追加しました🥺💖 https://t.co/1GsI0KAzGI #Amazon,1.3112485426278482e+18
15,2020-09-30 10:12:31,TheInStockRoom,"***New Deal***
4 Xcluder Garage Door Weathers...
New price $20
https://t.co/hqndDsKNLb
#Deals #newDeals #savings #Amazon https://t.co/2myB3RXmLl",1.3112475466150298e+18
16,2020-09-30 10:12:27,hispachollos,"🌀 WANFEI Walkie Talkies Niños, Walky Talky Niños 3KM Largo Alcance con 8 Canales Función de VOX Linterna LCD, Inalámbrico Interfono Juguetes para Niños Regalo Festival Interior Exteriores-2 Pack. #Amazon 🇪🇸

🕘 PRECIO FLASH: 15,79€

💶 ...
https://t.co/PEAsK6LtNS
#chollo",1.3112475288479703e+18
17,2020-09-30 10:17:33,RodriguezTHIE,"Amazon veut vous faire payer avec la paume de la main
https://t.co/7Sey63lrKv
#Amazon",1.3112488142846444e+18
18,2020-09-30 10:12:37,CoolDealCA,"💲💰
4 Xcluder Garage Door Weathers...
#New  price $20

# #Deals #new #Deals #savings #Amazon  #Deal #ganga

 https://t.co/ldcpz6zReP https://t.co/AWPx0hRNJb",1.3112475724266127e+18
19,2020-09-30 10:14:45,bmurphypointman,#earnmoney #amazon #amazonprime #network #Amazonspecials #prime Save Big on Airport Parking. Search and compare the best rates on airport parking. Never overpay for your parking again. Check airport parking on https://t.co/Hk21gwU6Ai,1.3112481064455619e+18
20,2020-09-30 10:15:53,ico_kz,"Amazon анонсировала новую бесконтактную биометрическую систему безопасности, которая может проверять личность и обрабатывать платежи по мановению руки.

https://t.co/PZ94TFXymC

#amazon #платежи https://t.co/FzCOLeEX6V",1.311248395454079e+18
21,2020-09-30 10:11:58,wsconsulting,"Amazon showcases a new cloud gaming platform called Luna - Headlines of Today https://t.co/sXHtWGoR6C
#wsc #cloud #computing #aws #azure #BigData #Serverless #amazon #luna",1.3112474079136195e+18
22,2020-09-30 10:17:22,01BookPlace,Enter for a chance to #win a $50 #Amazon #giftcard and a #paperback from #USAT #bestselling #author @EvaPohler https://t.co/wZUmzMZYdn,1.3112487683109356e+18
23,2020-09-30 10:16:47,TrendingETC,"Infamous Scene of Love Sausage In The Boys Was Strangled
#theboys #amazon #trendingetc https://t.co/t8xMuhWXST",1.3112486212417987e+18
24,2020-09-30 10:15:16,app_xndr,"GTA IV Cheats app for #kindle #Fire and #FireHD https://t.co/cOuOdThNxK #Amazon September 30, 2020 at 11:15AM",1.3112482385115218e+18
25,2020-09-30 10:15:45,mozuku_nrt,【花王】ニベアクリーム ＜大缶＞ １６９ｇ ×５個セット https://t.co/cKNAnVQZBF #Amazon,1.3112483615597158e+18
26,2020-09-30 10:15:04,IndieBookButler,"Walk the #streets of #SanFrancisco with a #SerialKiller #Murder #Booze #BigBand #Music #PsychologicalThriller #Horror #Amazon #Kindle &amp; #Paperback #indieauthor @TheJimSteele @jusacrosstheway #hit the #link, #buy the #book, #leave a #review  https://t.co/01z7IzUHoR",1.3112481869426483e+18
27,2020-09-03 18:26:48,LenovoLegion,"Lenovo Legion x @PlayApex
Now is your chance to rise above the rest. 
Unmatched performance, purposeful engineering, modern design.
Gear up with a machine as savage as you are.
Stylish outside.
Savage inside.",1.301587465258578e+18
28,2020-09-30 10:12:24,abhileshgupta74,"#Amazon #amazonprime #AmazonOne #AmazonOnePlus
#AmazonIndia https://t.co/NMXBehrdoT",1.3112475188360315e+18
29,2020-09-30 10:16:25,mimishad,"@AmazonUK @AmazonHelp Still waiting for my mariah Carey #TheMeaningOfMariah book to be dispatched. Which was released yesterday, Pre ordered. What's the hold up? !!! #amazon #takingthemikey #nothappy",1.311248529550119e+18
30,2020-09-30 10:17:09,OnlyGearBest,"🌟 [𝗢𝗻𝗹𝘆 𝗚𝗲𝗮𝗿𝗯𝗲𝘀𝘁] 🌟

🔊 Protector de Esquina (20pcs), Protecciones Transparentes Esquinas Protectores para Muebles, Fue #amazon

🌍 Enlace: https://t.co/sJuxZso4tn

Te esperamos en telegram: https://t.co/mPaN5u2fFj https://t.co/KZstNGOw0f",1.311248710878331e+18
31,2020-09-30 10:10:52,DiRyder,@AlanGlo68602185 @AndyBurnhamGM No thank you #Netflix #Amazon #Youtube subscribe to view #choice,1.3112471290510991e+18
32,2020-09-30 10:12:06,sayu_sayu_osayu,"電子パンフレットなのね～
紙媒体で読みたかったから悩むわ～

ミッドナイトスワン　SPECIAL CINEMA BOOK https://t.co/ul2znkB4Ke #Amazon",1.3112474394168893e+18
33,2020-09-30 10:17:13,starroad1,"ナメとんか #Amazon コノヤロー😡⚡
ザケンナ‼️フツーに書いただろがよっ‼️ https://t.co/YWO0RXMmVZ",1.311248729739993e+18
34,2020-09-30 10:16:08,XperienceDope,"Blasting Deezo Woods feat. Rich Jame$ - You Need It right now on Pretty Dope Xperience Radio aka #BlackPandora

listen now and catch a wave!! https://t.co/VqKFopeoex  #nowplaying #np #RT  #NowStreaming #Streema Download Now #Alexa #GooglePlay #iOSAppStore #Amazon #",1.3112484582344212e+18
35,2020-09-30 10:15:39,Rehman9731,"Last Chance! Would you like to win a $50 Amazon Gift Card or PayPal Deposit? Check out this easy entry Gleam giveaway for a chance to #WIN

Open Worldwide

@GooseGiveaways #wingiftcard #wincash #amazon #paypal #winmoney #sweepstakes #giveaways https://t.co/ywpagmUAPz",1.311248333130752e+18
36,2020-09-30 10:13:22,sarcasticLory,"Lysol Disinfectant Spray, Crisp Linen, 38 Oz (2X19 Oz) https://t.co/2VwtKh9FMw #Amazon",1.3112477585364378e+18
37,2020-09-30 10:17:10,MenudoPaquete,"🌟 [𝗠𝗲𝗻𝘂𝗱𝗼 𝗣𝗮𝗾𝘂𝗲𝘁𝗲] 🌟

🔊 Protector de Esquina (20pcs), Protecciones Transparentes Esquinas Protectores para Muebles, Fue #amazon

🌍 Enlace: https://t.co/NOcfU2cvHy

Te esperamos en telegram: https://t.co/IbEojfZpa4 https://t.co/9JIejsOl4j",1.311248718352593e+18
38,2020-09-30 10:17:02,MGFletcher,"Amazon rolls out new biometric palm-scanning technology at its stores with Amazon One...
#Retail #RetailTech #Amazon 
https://t.co/QBbwijpqV7 https://t.co/GwsYqVrRdm",1.3112486827177124e+18
39,2020-09-30 10:15:31,JA_KindleFireTV,"Trophy Hunt: Online Evolution

Amazon FREE DOWNLOAD
Visit https://t.co/2YBBbU80G1 now to download for❗️FREE❗️Kindle &amp; FireTV
Click/Copy below link for❗️FREE❗️
download: https://t.co/uSAiT1QkSZ

#amazon #game #kindle #amazonfiretv #free #online #multiplayer #download https://t.co/dJmODVub5K",1.3112483010403e+18
40,2020-09-30 10:11:05,chollosyoferta,"#Chollo #Amazon 41% DESCUENTO Krups EA8118 Independiente 1.6L Negro   Cafetera (Independiente, 1,6 L, Granos de café, Molinillo integrado, Negro)

Precio oferta: 299,0
Reacondicionado: 175,47

    👇👇👇👇👇👇👇
👉 https://t.co/EZ2Yg0m4ze https://t.co/ILAV2WYR9L",1.3112471840928973e+18
41,2020-09-30 10:13:54,SdQvg,"今日も配完100%でした😋
システムはどの運送サービスよりいいね！
ただ、更に独自路線を行って欲しい。
特に時間帯指定！
たまたま夜の指定ない同僚は、15時台に帰ってた✨

#Amazon
#軽貨物
#デリプロ",1.3112478938697277e+18
42,2020-09-30 10:12:48,FaisalA95756513,"Buy mobile phone holder for Android and iPhone.
https://t.co/y5iXI4ln45
#iPhone12 #iPhone #Android11 #Android #Amazon #AmazonIndia #amazonuk https://t.co/2yDDbd2b1e",1.3112476155440538e+18
43,2020-09-30 10:11:36,DavesCompTips,"How To Access Amazon Photos | Daves Computer Tips https://t.co/wjnUHKyEHy
#davescomputertips #computertips #howto #Amazon",1.3112473161590047e+18
44,2020-09-30 10:16:22,rakten_kaden_,"09/30 19:16

パナソニック(Panasonic) 電動歯ブラシ 
【楽天】18400円
【Amazon】18980円

★楽天で購入すると★
 580円 お得（お得率3％）

↓お得な情報を一覧で確認出来るサイト
https://t.co/kMQYxgL6Rh

#楽天市場 #Amazon #お得 #せどり https://t.co/euNllSfD1e",1.311248514505044e+18
45,2020-09-30 10:15:07,worldnewsdotcom,"#Shooting at #Amazon facility in #Jacksonville leaves at least one dead

#WorkplaceViolence #Crime 

https://t.co/EwFtnfyhQ1 https://t.co/Bplw4EHzFm",1.3112481991816438e+18
46,2020-09-30 10:12:23,miumiuMH,"僕は貴女の為に何かをしてあげます、、、と、上からかける言葉よりも日々の小さな行動の積み重ねの方が、よほど夫婦にとっては大切だということを私は知っていたから。
#森沢明夫

あなたへ (幻冬舎文庫) https://t.co/GclQjipnzm… #Amazon",1.3112475133204767e+18
47,2020-09-30 10:11:21,rakten_kaden_,"09/30 19:11

送料無料 パナソニック ヘアードライヤー ナノケア
【楽天】14200円
【Amazon】14403円

★楽天で購入すると★
 203円 お得（お得率1％）

↓お得な情報を一覧で確認出来るサイト
https://t.co/kMQYxgL6Rh

#楽天市場 #Amazon #お得 #せどり https://t.co/n0LNyzptYj",1.311247254393512e+18
48,2020-09-30 10:11:26,WinCom_7,"How To Access Amazon Photos | Daves Computer Tips https://t.co/QtSmNnFstG
#davescomputertips #computertips #howto #Amazon https://t.co/2SgVNqpBw8",1.3112472748282348e+18
49,2020-09-30 10:12:19,hiruma_marupapa,"これさ、どこの業者か知らんけど、まるの写真勝手に使って売ってるんだけどさ、これ着て出歩く自信ない。　#買うなよ　#絶対買うなよ

柴犬 猫 (4) メンズフーディー パーカー 長袖 春秋冬服 ファスナー おしゃれ カジュアルプルオーバー 100%ポリエステル 暖... https://t.co/N03OL7CuwF #Amazon",1.3112474958134477e+18
,date,screen_name,tweet,tweet_id
0,2020-09-30 10:09:01,chollosyoferta,"#Chollo #Amazon 78% DESCUENTO Decdeal Adornos Árbol Navidad Colgantes Muñe

Precio original: 13,99
Precio oferta: 3,08

    👇👇👇👇👇👇👇
👉 https://t.co/gyrKhNBdzf https://t.co/aSQzn4eZiP",1.3112466636007465e+18
1,2020-09-30 10:06:35,Rettore_,"IL VINILE SARA’ GIALLO , DAL 23 OTTOBRE IN ESCLUSIVA SU #AMAZON",1.3112460539670938e+18
2,2020-09-30 10:08:13,christopherjanb,"#Amazon’s corporate #credit line is an alternative to conventional #business loans. We’ll explain what it’s for, how to apply, and how much it will cost you.

https://t.co/1YAPwUhbIY",1.3112464657134387e+18
3,2020-09-30 10:06:30,carmenensutinta,"¿Conocéis La Lista de Nacimiento de Amazon? https://t.co/GAZtt2pcjb...
Ofrece a los futuros padres más de 100 000 artículos infantiles, además pueden personalizar su lista de deseos y beneficiarse de numerosas ventajas. #Amazon #Listadenacimiento https://t.co/ViMcHHewoq",1.311246032098001e+18
4,2020-09-30 10:08:37,bokuwatashi1,カタカムナ 言霊の超法則: 言葉の力を知れば、人生がわかる・未来が変わる! https://t.co/ldzvcJ8v82 #Amazon,1.3112465658986865e+18
5,2020-09-30 10:10:09,CoolDealCA,"TCL Alto 5 2.0 Channel Home Theater Sound Bar for $59.99!! (Retail: $79.99)

#freebies #deals #deal #moneysaver #greatdeal #steals #discount #sale #bargain #bargainhunter #cheap #bestprice #Amazon  #Deals #giveaway #Deal #ganga

 https://t.co/es80RFJELv https://t.co/qmayjbweSA",1.3112469505121034e+18
6,2020-09-30 10:06:01,ofertas_es,"New post in https://t.co/dQZHfp1OMw: -30%  Tablet Fire 7 16GB REACO certificado (Miembros Prime)
Hoy:  43,99€
 https://t.co/Iye6y0Jbcl

#Amazon #AmazonPrime #prime #Chollo #Chollometro #Michollo #descuento #oferta https://t.co/Cgr6ONf7DL",1.3112459093810012e+18
7,2020-09-30 10:05:42,kana_ogawa,"【ワイン】ベスト10
富田葉子の テイスティング虎の巻
https://t.co/yoHhEPXUEu #Amazon",1.3112458326922322e+18
8,2020-09-30 10:06:24,creativemm12,"👉https://t.co/zeoNo734ww #amazon👈
💯👉Auto Follower👈💯
💯👉#自動相互フォロー👈💯

#FollowNGain
#Astros
#Eric #Trump
#White #Sox
#followermachine
#1000ADay
#相互フォロー100
#f4f
#FollowNGain
#相互RT
#bts
#seventeen",1.3112460052794204e+18
9,2020-09-30 10:07:36,Canalchollacos,"Enlace al post completo: https://t.co/0czaPMGHUW 
‍ CHOLLAZO NEW BALANCE! #Amazon | #Zapatos

New Balance 373v2, Zapatillas para Hombre. Calidad new balance, fabricadas en cuero y tela, ideales para un look informal con vaqueros. Top ventas y a precio de derribo!!

     Antes: … https://t.co/V6F6vvNM9z",1.3112463082844733e+18
10,2020-09-30 10:09:39,finance_tech12,#Amazon has announced a new payment system for real-world shops which uses a simple wave of the hand and it will scan veins in your hand. https://t.co/tncsUABIJM,1.3112468232527872e+18
11,2020-09-30 10:06:21,rakten_kaden_,"09/30 19:06

シービージャパン 小型洗濯機　（洗濯0．6kg）「
【楽天】7470円
【Amazon】8800円

★楽天で購入すると★
 1330円 お得（お得率18％）

↓お得な情報を一覧で確認出来るサイト
https://t.co/kMQYxgL6Rh

#楽天市場 #Amazon #お得 #せどり https://t.co/hzMqxBXclP",1.311245994281984e+18
12,2020-09-30 10:07:11,kimura_books,「ハサミ男」の作者。覆面作家。寡作ですがマニアックな良作を常に発表してくれます。 殊能○○ https://t.co/qxErKTaO8c #books #amazon,1.3112462043117978e+18
13,2020-09-30 10:07:02,iamartikyoul8,Do you like using amazon and also have a business? Then create an amazon business account today. #amazonbusiness #amazon https://t.co/YPPWq744Du,1.3112461647931392e+18
14,2020-09-30 10:06:31,chollosyoferta,"#Chollo #Amazon TCL 43DP602, Televisor de 43 pulgadas, Smart TV con UHD 4K, HDR, Dolby Digital Plus, T Cast y sintonizador Triple, Color Negro

Precio oferta: 499,0

    👇👇👇👇👇👇👇
👉 https://t.co/4lxGQ7n2iT https://t.co/oHBsl2qAff",1.3112460345055355e+18
15,2020-09-30 10:06:24,masaki003,遊戯王 ETCO-JP035 悪魔嬢マリス (日本語版 ノーマル) エターニティ・コード https://t.co/FfQmeSRZnA #Amazon,1.3112460085678285e+18
16,2020-09-30 10:08:30,sougo_review,"中国商品主体の少額の有料グループを運営しています。

#Amazon #レビュー #アマゾン #副業 #アマゾンレビュー #amazonレビュー #レビュー募集 #レビューアー #レビュー募集",1.3112465344286925e+18
17,2020-09-30 10:08:27,EU_Fulfilment,"Optimise your multi-channel strategy and reach new customers worldwide by using our 50+ international sales platforms, incl. #Amazon.
#onlinesales #ecommercebusiness #fulfillmentservices
Contact us today: https://t.co/42kq29ESoA https://t.co/swDhr281ij",1.3112465215523267e+18
18,2020-09-30 10:09:55,SacnilkEntmt,"5 directors... 5 stories... #GauthamMenon, #SudhaKongara, #RajivMenon, #SuhasiniManiRatnam and #KarthikSubbaraj... #Amazon to launch an anthology of five #Tamil short films... Titled #PuthamPudhuKaalai... Premieres 16 Oct 2020. https://t.co/lHUCFY9qWS",1.3112468909822362e+18
19,2020-09-30 10:09:07,Toedtmann,"Wieder gibt ein Fachhändler in der City auf: die vielen Fahrradfahrer haben wohl zu wenig gekauft im Samenfachgeschäft Ilbertz in der Altstadt @Duesseldorf - keine Parkplätze für Kunden+ Lieferanten, Knöllchen en Masse @drkeller2020 #Amazon freut sich @JeanneKinderman https://t.co/FYZs0Pukia",1.311246690490495e+18
20,2020-09-30 10:06:41,Wordfoolery,"“Words The Sea Gave Us” English nautical words, phrases, and sailors’ yarns. “How To Get Your Name In The Dictionary” soldiers, inventors, stars, and villains who gave their names to English.
Paperbacks #Amazon, ebooks #Kindle #Kobo #iBooks https://t.co/Owa1k8Kadi  #etymology https://t.co/wZRMpXmzgr",1.3112460792586568e+18
21,2020-09-30 10:06:11,OfertacularRL,"‼️BAJADÓN‼️ 👁‍🗨 #Ofertacular #Amazon #chollo #oferta #ganga

⚫️ Altavoz Bluetooth Portátil

🛒: ➡️ https://t.co/k733MBAq81 ⬅️ https://t.co/LnrkgyfuuS",1.31124595413427e+18
22,2020-09-30 10:09:50,TinaTinawhite1,"Lilla Belle:The First Stages, By Michelle Cole , 
MUST READ! Get Your Copy HERE...
https://t.co/56aMDlj6xL

#book #paperback #readers #readerscommunity #ReadersFavorite #Amazon #PageTurner",1.3112468719696323e+18
23,2020-09-30 10:07:39,Canalchollacos,"Enlace al post completo: https://t.co/zh1Z5tIIta 
‍ CHOLLO BRAUN #Amazon | #Belleza

Braun Recortadora de Barba BT5265, Máquina Cortar Pelo, Recortadora de Barba y Cortapelos, para Hombre, 39 Ajustes de Longitud, Color Negro/Metal Plateado

     Antes:  59,90 €
    PRECIO O… https://t.co/9R5Ob8TAZ1",1.311246321676845e+18
24,2020-09-30 10:09:18,TulioNoticias,#Amazon anunció lanzamiento del nuevo sistema de pago con la palma de la mano https://t.co/rdgOYRzSdr #fb #más,1.3112467387836006e+18
25,2020-09-30 10:06:01,nbaeumer,"An ingest pipeline lets you use some of your #Amazon #ES domain processing power to apply to a set of processors during indexing. #Ingest #pipeline applies processors in order, the output of one processor moving to the next processor in the pipe.

#aws https://t.co/N4Mja75jSk",1.3112459108616397e+18
26,2020-09-30 10:08:28,zilla_tom,"Überraschung: ""Borat""-Fortsetzung und mehr im Oktober neu bei Amazon Prime Video 
https://t.co/8Oowv0XCVw 

#PrimeVideo #Amazon #Filme #Serie #Neu #Oktober2020 #Tomzill",1.3112465252600914e+18
27,2020-09-30 10:07:30,Canalchollacos,"Enlace al post completo: https://t.co/Rxh8EFmY8q 
‍ OFERTACA! #Amazon | #Grandes

Candy Rapidò RO16106DWHC7/1S - Lavadora carga frontal 10Kgs, 9 ciclos rápidos, 1600rpm, WiFi  Bluetooth, motor inverter, panel control en escotilla, función vapor, 51dB, Clase A+++-40%AA, blanco

… https://t.co/Y3myJEQjeV",1.3112462822126756e+18
28,2020-09-30 10:09:54,hispachollos,"Mini Amoladora Eléctrica, TECCPO Herramienta Rotativa Tool 135W, 10000-35000 tr/min, 114 Accesorios Kit Eléctrico de 6 Velocidades con Caja Rígida, Ideal Para Cortar/Pulir  #Amazon 🇪🇸

⚡ Precio con Cupón: 24,99€

🎯 Código cupón: H3AD ...
https://t.co/dGxxdYTZ8g
#chollo",1.3112468884909302e+18
29,2020-09-30 10:06:37,Mencha_t,"#Amazon
https://t.co/znCF1Vbybr",1.3112460621542113e+18
30,2020-09-30 10:06:35,filmpunkttv1,"Überraschung: ""Borat""-Fortsetzung und mehr im Oktober neu bei Amazon Prime Video
 https://t.co/oMd6Se1SbR

 #PrimeVideo #Amazon #Filme #Serie #Neu #Oktober2020",1.3112460517020795e+18
31,2020-09-30 10:05:48,kana_ogawa,"【ワイン】ベスト10
コンクール金賞受賞の赤白ワインギフト 女性向け 750mlx2本
https://t.co/Oe6cK4dTMt #Amazon",1.3112458546494095e+18
32,2020-09-30 10:05:53,Eunewsagency,"États-Unis : Un mort, un blessé après une fusillade sur un lieu de travail d'#Amazon en #Floride",1.3112458762544415e+18
33,2020-09-30 10:08:01,CaroleParkes1,"FALLOUT by @harmony_kent is available to buy via #Amazon in ebook &amp; paperback. A #postapocalyptic Novel. Reviewer says: ‘If you like dark, dangerous, and a little bit demented, this is the novel for you.’ https://t.co/WPkJnsmsLX #ASMSG #IARTG FREE on #KindleUnlimited #CoPromos",1.3112464136035246e+18
34,2020-09-30 10:05:42,rinrinrin021209,"@misakism13 
ほしい物リストに入れてたのになんか他の人のイタズラかな🥺またほしい物リストに追加したので、今度こそ王子お願いします🙏🏻💦
#三崎優太 #闇汁 #青汁砲で誹謗中傷撲滅

Amazonほしい物リストを一緒に編集しましょう https://t.co/KbOpbgEnbD #Amazon",1.3112458320043622e+18
35,2020-09-30 10:07:54,best_deals_US,"Here's a great deal
Booyah unisex-adult Pond Magic Small-Water Spinner Firefly ,One Size

Offer price: $2.44 (40% OFF!)
Retail: $4.09

https://t.co/eCZqEJd9mF

#Amazon #deals #RT https://t.co/xzlIFiAOXO",1.3112463854092698e+18
36,2020-09-30 10:07:38,CalliopeMusa,"Sospesa fra la vita e la morte, Matilda ha un solo obiettivo: vendicarsi dei suoi carnefici.
Riuscirà nella sua impresa?
https://t.co/kblusTsw76

https://t.co/mPviXClEoy

https://t.co/MfC84DEp6i 
#thriller #libri #sophierocher #ibs #Amazon #kobo #CasaLettori https://t.co/jJ9tpBQI8r",1.3112463187241738e+18
37,2020-09-30 10:07:40,Canalchollacos,"Enlace al post completo: https://t.co/GUxha8RPfp 
‍ PRE-PRIME DAY!! #Amazon | #Belleza

Amazon ha aunciado oficialmente la fecha de su mayor evento anual de ofertas para miembros Prime. El prime Day, que será este 13 y 14 de Octubre. Con motivo de este anuncio ya están disponib… https://t.co/eKoxJABseA",1.3112463277754614e+18
38,2020-09-30 10:06:30,seasonsway,"Dropshipping With Amazon India
https://t.co/u7WtiYzyQo
#amazondropshippinginindia #amazondropshippingbusinessindia #amazonindiadropshipping #amazondropshippingindia #amazonindropshipping #dropshippingonamazonindia #dropshippingindiaamazon   #amazon #dropshipping #india https://t.co/NAQAxXN6L6",1.3112460331337933e+18
39,2020-09-30 10:10:02,SunnySunSunday,"✨Amazonタイムセール中！✨
Black view BV5500 Plus
Simフリーモデル
https://t.co/mSnvSVzdMh

今だけ！¥11199👏🏻

#Amazonギフト券 #Amazon #タイムセール #スマホ #Blackview #Amazonプライム #アマゾン",1.3112469198097367e+18
40,2020-09-30 10:09:51,XperienceDope,"Blasting Rihanna - Spliff right now on Pretty Dope Xperience Radio aka #BlackPandora

listen now and catch a wave!! https://t.co/VqKFopeoex  #nowplaying #np #RT  #NowStreaming #Streema Download Now #Alexa #GooglePlay #iOSAppStore #Amazon #",1.3112468735760425e+18
41,2020-09-30 10:07:33,Canalchollacos,"Enlace al post completo: https://t.co/imQ297EC2f 
‍ BAJADA DE PRECIO #Amazon | #Ropa

G-STAR RAW Denim Mix Hooded Chaqueta, Azul (Mazarine Blue C183-4213)

     Antes:  68 €
    PRECIO OFERTA: 35,85€
   Enlace: https://t.co/eutGgugBVV

  Varias tallas rebajadas!

  Chollac… https://t.co/AlQKCtIfpF",1.3112462967123927e+18
42,2020-09-30 10:08:36,EnormousStupid,"ベスト・オブ・ザ・チーフタンズ https://t.co/gvW2drQXjM #Amazon
#nowplaying
#thechieftains",1.311246558826885e+18
43,2020-09-30 10:06:07,SeeCoupons,[58% OFF] Fahung Rotary Cutter https://t.co/LXykREXFPs #amazon #amazondeals #deals,1.3112459360693535e+18
44,2020-09-30 10:07:53,chidambara09,"HOW #coronavirus convinced #grocery chains to #Experiment with new #TECh https://t.co/q6Rm2paptX 

#bigdata 
#AI #IoT #USA #Linux #UK #javaScript #digitalTransformation #dataScientist #dataScience #WomenWhoCode #Rstats #FemTech #100DaysOfcoDe #FRENCHtech #France #Amazon #foods",1.311246381344981e+18
45,2020-09-30 10:06:06,SeeCoupons,"[54% OFF] USWT Dog Rope Toy, Tug-of-War Pull Toy for Large Dogs, Interactive Pet Training Toy https://t.co/5o8qnRHRYg #amazon #amazondeals",1.311245932583891e+18
46,2020-09-30 10:07:42,GPWriter,"#TheTrumpYears, my #poetic howl about life during the Trump presidency is finally available on 
#Smashwords: https://t.co/HKJqGMBb45
#Amazon: https://t.co/rcTTHnR2lg
#poetry #read #poet #poems",1.311246333576061e+18
47,2020-09-30 10:08:50,hispachollos,"🌀 Auriculares Bluetooth 5.0 SoundPEATS Truebuds Auriculares Inalámbricos con Micrófonos TWS In-Ear con Caja de Carga Portátil para iPhone y Android (Negro). #Amazon 🇪🇸

🕘 PRECIO FLASH: 28,16€

💶 Precio oferta: 45,99€ 💥

♻️ Reacondici ...
https://t.co/Ge7jQnOA03
#chollo",1.3112466185204122e+18
48,2020-09-30 10:05:49,mikasui_nogi,"滝沢歌舞伎】
滝沢歌舞伎 ZERO

初回仕様 Blu-ray通常盤

#滝沢歌舞伎 #snowman ＃amazon

https://t.co/DBknyu13BB",1.3112458603871846e+18
49,2020-09-30 10:06:32,CalliopeMusa,"Cosa succede se la storia, l’amore e la fantasia si incontrano?

https://t.co/nRg8ZxWgIE

https://t.co/VXZ77sS2TB

https://t.co/AiaQLSwF8V 
#ibs #Amazon #kobo #libri #sophierocher #CasaLettori #amore #Romance https://t.co/o5Sfv991YH",1.3112460396686582e+18
,date,screen_name,tweet,tweet_id
0,2020-09-30 10:02:21,zvw_redaktion,"In den USA liefern die kleinen blauen #Amazon-Roboter regional schon Pakete aus - damit das besser klappt, soll in Tübingen an der Software gefeilt werden. https://t.co/r6R2f0hV79",1.31124498832862e+18
1,2020-09-30 10:02:54,Du31Geek,"Alors là bravo la livraison #Amazon 
Je n'étais pas chez moi, et le livreur a jeté le colis par dessus la clôture (de 2m).
Heureusement rien n'est abimé .",1.3112451257592381e+18
2,2020-09-30 10:03:04,AuthorOSanchez,"A fired bullet can't be unfired.
An uttered word can't be unsaid. -Huracan.
https://t.co/8jtK9Dm17g
#Action #thriller #ebook #amazon #urban https://t.co/TcQjufTDhV",1.3112451687508746e+18
3,2020-09-30 10:03:06,MarianneSchro11,"https://t.co/XylC9Xlgps

#Amazon #ClimateEmergency",1.3112451777770004e+18
4,2020-09-30 10:02:23,ex_banker59,"欲しい方は是非。1年寝かせば倍くらいの価値になりますよ、株式よりよっぽど固い投資かも 笑
転売目的はダメですけどね！
バーボンウイスキー ブッカーズ 2020 [ ウイスキー アメリカ 750ml ] [ギフトBox入り] https://t.co/mPcB9kW71l #Amazon",1.3112449941417615e+18
5,2020-09-30 10:02:11,goflare_digital,"Want to improve your return on ad spend? We setup, monitor, and optimize amazon search ads to generate sales quickly.

#Goflare #SEO #amazonmarketing #searchengineoptimization #amazon

#دبي #الامارات #ابوظبي #العين #الشارقة #عجمان https://t.co/NhvDDsqIgg",1.3112449444478607e+18
6,2020-09-30 10:03:37,Buchfabrik03,Wer ist Percussa ? https://t.co/tozEBGVQB4 #Fantasy am #Rhein #Amazon #Kindle #mustread #Serie #Speyer #Mystery #mustread #Sage #Saga #suspense #ebooks #books #ebook #book #Buch #Roman #novel #AmazonKindle #KindleUnlimited #fiction #novel #Noir https://t.co/Sfg1gOoMBw,1.3112453054599455e+18
7,2020-09-30 10:02:05,reinadellowcost,"🌟 [𝗟𝗮 𝗿𝗲𝗶𝗻𝗮 𝗱𝗲𝗹 𝗟𝗼𝘄𝗰𝗼𝘀𝘁] 🌟

🔊 Tablet Fire 7, Reacondicionado certificado, Pantalla de 7'', 16 GB, Negro #amazon

🌍 Enlace: https://t.co/dSpRPF1BKr

Te esperamos en telegram: https://t.co/Jxndx9pJCJ https://t.co/Ct3jyzvJHB",1.3112449219789988e+18
8,2020-09-30 10:03:06,ArpittSingh17,"Number of Al (artificial intelligence) acquisitions in the past decade:

#Apple: 24 acquisitions
#Google: 15 acquisitions
#Facebook: 12 acquisitions
#Microsoft: 11 acquisitions
#Amazon: 8 acquisitions",1.3112451769673236e+18
9,2020-09-30 10:05:01,kana_ogawa,"【ワイン】ベスト10
【福袋】 全てボルドー金賞受賞 高樹齢 生産者元詰 贅沢飲み比べ 厳選セレクト 赤ワイン 6本 ワインセット 750ml 6本
https://t.co/BNAn4uh2Om #Amazon",1.3112456569005302e+18
10,2020-09-30 10:05:16,kana_ogawa,"【ワイン】ベスト10
ALL金賞受賞赤ワイン セレクション６本セット ソムリエ厳選 フランスボルドー産 750ml×6本
https://t.co/J4d5MivLRu #Amazon",1.31124572282248e+18
11,2020-09-30 10:03:28,Buchfabrik03,Schwert und Co für Einsteiger und Neugierige ... https://t.co/mKxpZGFTKv #Sachbuch #Amazon #Kindle  #mustread #books #ebooks #ebook #book #AmazonKindle #Nonfiction #indiebookdiscovery #paperbacks #Paperback https://t.co/am777MjEQb,1.3112452698210017e+18
12,2020-09-30 10:04:21,VfGoaBCrLiInilf,"アマゾンデバイスで快適なアマゾン生活！
2020年9月30日19時のアマゾンデバイスランキングをチェック！

 こちらをクリック！
 https://t.co/IYp86C3bGt 

#アマゾン #プライム #ガジェット #ランキング #amazon #firetvstick #FireTabet #Kindle #Echo #Alexa #Echoshow",1.3112454904663368e+18
13,2020-09-30 10:05:11,kana_ogawa,"【ワイン】ベスト10
ALL金賞受賞(ダブル金賞入・トリプル金賞入) 赤ワイン6本セット フランス ボルドー産 ソムリエ厳選 750ml×6本
https://t.co/pID1CPUHCG #Amazon",1.3112457008526377e+18
14,2020-09-30 10:04:12,LanDonCANDY,COOFANDY Mens African Dashiki Print Ruffle Shawl Collar Cardigan Lig... https://t.co/7cY4EdAwPQ #Amazon,1.3112454549995315e+18
15,2020-09-30 10:03:50,XperienceDope,"Blasting Chris Brown, Young Thug - Go Crazy (Club) right now on Pretty Dope Xperience Radio aka #BlackPandora

listen now and catch a wave!! https://t.co/VqKFopeoex  #nowplaying #np #RT  #NowStreaming #Streema Download Now #Alexa #GooglePlay #iOSAppStore #Amazon #",1.311245362456408e+18
16,2020-09-30 10:04:05,amzn_deals_us,https://t.co/7cLT1Us5Vd Saucemoto Dip Clip #Amazon #Deal https://t.co/h4WfYK9ACv,1.3112454232696013e+18
17,2020-09-30 10:05:27,kana_ogawa,"【ワイン】ベスト10
全て金賞受賞 フランス・スペインの各コク旨産地より厳選 赤ワイン6本飲み比べセット 750ml×6
https://t.co/CxxcAcJq19 #Amazon",1.311245766740996e+18
18,2020-09-30 10:05:35,kimasabe,And in the End: The Last Days of The Beatles https://t.co/lxlthGIZl6 #Amazon,1.3112458003290235e+18
19,2020-09-30 10:01:21,rakten_kaden_,"09/30 19:01

空気清浄機 シャープ SHARP 加湿器 プラズマ
【楽天】18980円
【Amazon】19029円

★楽天で購入すると★
 49円 お得（お得率0％）

↓お得な情報を一覧で確認出来るサイト
https://t.co/kMQYxgL6Rh

#楽天市場 #Amazon #お得 #せどり https://t.co/mQ7BYAArFV",1.3112447341956178e+18
20,2020-09-30 10:01:33,jaumegaldeano_,"@AmazonNewsES Competencia obliga a #Amazon a cumplir con la normativa postal. Desarrolla servicios de paquetería y mensajería del mismo modo que un operador postal, como @Correos, @SEUR o @mrw_es

https://t.co/7GsT9pcXlL",1.3112447877402747e+18
21,2020-09-30 10:05:06,kana_ogawa,"【ワイン】ベスト10
【世界NO.1イタリアテーブルワイン】 タヴェルネッロ ロッソ(バッグ イン ボックス) [ 赤ワイン ライトボディ イタリア 3L ]
https://t.co/JJjGdjKg9N #Amazon",1.3112456788912865e+18
22,2020-09-30 10:03:49,Buchfabrik03,Bartitsu = Selbstverteidigung !? https://t.co/Y3xdWuLIoT #Sachbuch #Amazon #Kindle #mustread #history #SelfDefense #Buch #look4books #Kampfkunst #AmazonKindle #book #ebook #Nonfiction #Paperback #indiebooks #paperbacks  #ebooks https://t.co/dinTbJKTUG,1.3112453561733489e+18
23,2020-09-30 10:05:32,kana_ogawa,"【ワイン】ベスト10
シニアソムリエ厳選 直輸入 全て金賞フランスボルドー 辛口赤ワイン6本セット((W0G635SE))(750mlx6本ワインセット)
https://t.co/doIAHobSM7 #Amazon",1.311245788761088e+18
24,2020-09-30 10:01:55,systhub,"Amazon launches a virtual tours and experience platform, Amazon Explore https://t.co/UbAXQIYhuX
#Amazon #virtual https://t.co/ysG5XeAMyk",1.3112448792893563e+18
25,2020-09-30 10:04:02,Buchfabrik03,"das etwas andere #London, mit Dampfkraft https://t.co/94REvYxKJC  #Fantasy #Amazon #MustRead #novel #AmazonKindle #Kindle #steampunk #mystery #adventure #fantasybooks #Parallel_Universe #ebooks #book #fiction #series  #paperbacks #Paperback https://t.co/r1vBQHP6bX",1.3112454106656727e+18
26,2020-09-30 10:03:45,ialterego84,"Quedan tres ejemplares de #OperaciónPetanca para que agotemos el stock de #Amazon.
Y se me ha ocurrido algo.
Voy a sortear una camiseta de la novela entre los que ya hayan comprado un ejemplar (o se animen a comprar uno de los tres que quedan)
Cómo?",1.3112453398365143e+18
27,2020-09-30 10:02:10,domadomad,【PS3/Xbox】ソウルキャリバーV (プロダクトコード同梱) ナムコの人気剣劇対戦ゲー最新作　https://t.co/zMNmtdc6mx #amazon,1.3112449424344678e+18
28,2020-09-30 10:01:42,TCGCardSearch,"#MTG #MagicTheGathering Battlebond Booster Box - 36 packs of 15 cards each #Amazon #US #TCG #TradingCardGame #TCGCardSearch
🔗 https://t.co/KVxqSrig2J *",1.3112448246459638e+18
29,2020-12-04 16:50:25,ProcterGamble,"Everyone has the power to do SOMETHING. Tune in at 7 p.m. Dec. 10 to #TriState Strong: Getting to Zero to be inspired by how your neighbors &amp; familiar faces from health care, media and business have pulled together #TriStateStrong #GettingToZero",1.3349028910736097e+18
30,2020-09-30 10:02:06,TheBigamistBook,"Up at number 15 on Kindle Best seller chart this morning! 
… oh I SO want to be in the top 10!
https://t.co/EStaLDguyp

#Kindle #Amazon #Goodreads #books #Reading https://t.co/T6Kdrynrjh",1.3112449257412895e+18
31,2020-09-30 10:05:21,kana_ogawa,"【ワイン】ベスト10
vinexio-ヴィネクシオ- 全て金賞受賞 ボルドー 赤白飲み比べ 赤ワイン3本 白ワイン2本 5本セット 750ml×5
https://t.co/0e3AIsfRYT #Amazon",1.3112457448257536e+18
32,2020-09-30 10:01:35,Fuchs03,mit dem Schwert mental vorbereiten oder motivieren .. https://t.co/Si0g4VkYHx #books #nonfiction #Sachbuch #ebooks #books #Amazon #Kindle #look4books #Paperback #paperbacks #MustRead #NewRelease #indieauthor https://t.co/lClEQ6FqwO,1.3112447946063667e+18
33,2020-09-30 10:03:00,amitabhisgood,"Join DrJose in #Shortstories series from  #author Amitabh Choudhury, now on #kindleunlimited. 

Book-1: Thank you 
Sub-title: Short #family story

#Amazon: 
#USA: https://t.co/Qnu6yhJRMI

#NewYork #California #Florida #Miami #LA",1.3112451507403448e+18
34,2020-09-30 10:02:33,wonder__glass__,"☆オンカジ勝利記念企画☆

🎁Amazon2500×2🎁

@wonder__glass__ フォロー&amp;RT

〆切→→10/1(木)24時

#ワンダーグラス企画　#Amazon
#オンラインカジノ　#オンカジ
#9月度もありがとうございました https://t.co/wQ4kKLKehr",1.3112450380268544e+18
35,2020-09-30 10:05:10,CoolDealCA,"Smart WiFi Outlet 4-Pack now $19.54!!

#freebies #deals #deal #moneysaver #greatdeal #steals #discount #sale #bargain #bargainhunter #cheap #bestprice #Amazon  #Deals #giveaway #Deal #ganga

 https://t.co/kiuz16Y53S https://t.co/D4ILAfb8f3",1.311245696851497e+18
36,2020-09-30 10:01:45,Fuchs03,ein anderes London https://t.co/0LeuH3pned #fantasy ein anderer  Dampf #Amazon #Kindle #Steam #mystery #paperbacks #Paperback #Steamfantasy #indiebooks #books #Cover #historicalfantasy #novel #ebooks #book #ebook  #MustRead #fiction #AmazonKindle #Fantasy #look4books https://t.co/XPaNI71T8F,1.3112448383780495e+18
37,2020-09-30 10:04:21,runpiyo,"@HarukiKai0628 引越し祝いしてくださーい🥰❤️

https://t.co/UEo0olo2O4 #Amazon",1.3112454905921782e+18
38,2020-09-30 10:05:37,kana_ogawa,"【ワイン】ベスト10
ヴェリタス シニアソムリエ厳選 直輸入 全て金賞ボルドー 辛口白ワイン6本セット((W0SK22SE))(750mlx6本ワインセット)
https://t.co/VAW3zU7OOo #Amazon",1.3112458108315116e+18
39,2020-09-30 10:03:34,hispachollos,"Pistola de Pegamento Caliente,TACKLIFE GGH01DC 3.6V con Batería de Litio 2000mAh con Cable USB Recargable, Indicador de Luz de Trabajo Perfecto Incluye 50 Cargas  #Amazon 🇪🇸

🔘 A mitad de precio!!!

⚡ Precio con Cupón: 8,9€

🎯 Código ...
https://t.co/5sdY34v75X
#chollo",1.311245295162884e+18
40,2020-09-30 10:01:21,Fuchs03,"Schild, langes Messer, Speer und  mehr... https://t.co/B5AydGxisQ #books #Nonfiction #Sachbuch #Amazon #Kindle #Paperback #paperbacks #look4books #indiebooks #Mustread #ebooks #KindleUnlimited #indiebookdiscovery https://t.co/BSJh2cyOzS",1.3112447360413082e+18
41,2020-09-30 10:02:04,OnlyGearBest,"🌟 [𝗢𝗻𝗹𝘆 𝗚𝗲𝗮𝗿𝗯𝗲𝘀𝘁] 🌟

🔊 Tablet Fire 7, Reacondicionado certificado, Pantalla de 7'', 16 GB, Negro #amazon

🌍 Enlace: https://t.co/UhaSo5zIJQ

Te esperamos en telegram: https://t.co/mPaN5u2fFj https://t.co/vOtDPpJL2F",1.3112449179733606e+18
42,2020-09-30 10:01:59,leadkindlylight,@amazonIN y is customer service absent? Congratulations. Your inefficiency has reached another level! A gift order has already been delayed by 24 hours and just now I realised that there might be 48 hour delay #Amazon #noservice,1.311244893826683e+18
43,2020-09-30 10:05:27,4angelsofmine,I need an #amazon hit! Help me win a amazon card from @AnnaWriter (and enter too!) @FreshFiction.com https://t.co/mXA1vEqM5X,1.3112457682091622e+18
44,2020-09-30 10:03:22,creativemm12,"👉https://t.co/EA8DI61xgv #amazon👈
💯👉Auto Follower👈💯
💯👉#自動相互フォロー👈💯

#followergenerator
#Yankees
#Eric #Trump
#National #Coffee #Day
#1000ADay
#500ADay
#FollowBack
#followtrick
#TFB
#followergenerator
#autofollower
#固定ツイートRT",1.3112452449024696e+18
45,2020-09-30 10:04:14,Buchfabrik03,mit einem Spiegel fing alles an... https://t.co/sqMsNTgzxb  #fiction #fantasy #Amazon #Kindle #paperbacks #Paperback #look4books #ebook #book #Pforzheim #Schwarzwald #Sage #series #historicalfantasy #Mustread #HistoricalFiction #NewRelease #cover #desgin  @sinaholste https://t.co/4t1GxRfDrY,1.311245461144187e+18
46,2020-09-30 10:04:51,ChannelSight,"Amazon Prime Day is just around the corner. Read our Amazon Seller's Guide for 2020 to build a robust strategy, reduce competitive distraction, optimise your product search placements on Amazon and more! 

#amazon #primeday #brands #ecommerce 

https://t.co/7AC6lNOfTB https://t.co/1MLnAmMfVy",1.3112456149954396e+18
47,2020-09-30 10:03:09,amzn_deals_us,"https://t.co/gZrE5AHG8D Night Lighting Lamp [ 4 LED Beads, 3 Model Light, 4.9 FT(1.5 M) USB Cord ] Romantic Rotating Cosmos Star Sky Moon Projector, Rotation Night Projection for Children Kids Bedroom #Amazon https://t.co/uZ1ntYAJfH",1.3112451887954452e+18
48,2020-09-30 10:02:06,MenudoPaquete,"🌟 [𝗠𝗲𝗻𝘂𝗱𝗼 𝗣𝗮𝗾𝘂𝗲𝘁𝗲] 🌟

🔊 Tablet Fire 7, Reacondicionado certificado, Pantalla de 7'', 16 GB, Negro #amazon

🌍 Enlace: https://t.co/cM8qT52nn8

Te esperamos en telegram: https://t.co/IbEojfZpa4 https://t.co/ZdCsxWzPRB",1.311244925816787e+18
49,2020-09-30 10:03:15,nemnem99999,"https://t.co/uEHyTNA1A5
一部抜粋
AWS Marketplaceに日本法人として初めて登録するISVの1社として
汎用プライベートブロックチェーンソフトウェア
mijin Catapult (v.2)
＃NEM
＃symbol
＃amazon",1.3112452129838162e+18
,date,screen_name,tweet,tweet_id
0,2020-09-30 09:59:28,ChollosDescubre,"‍CHOLLAZO ❗️🔸 #Amazon | #Alimentación
📣Cuétara - Tosta Rica Choco Guay - Galletas Sándwich Rellena de Crema de Leche - 168 g

⛔️ PVP: 1,45€ 
 ✅PRECIO OFERTA: 1,00€ 

   ⤵️ Link de compra
   🌐 https://t.co/9rc1eL8Amx

Visto en https://t.co/HW2VwUc9d2 https://t.co/WWYkZIYOuZ",1.3112442628483195e+18
1,2020-09-30 10:00:27,shinchaku,【発売日：2020/09/23】異世界薬局(6) (MFC)  https://t.co/1nZETuyOcs #amazon,1.3112445094775112e+18
2,2020-09-30 10:00:16,dealnarwhal,MAGNAVOX 300lt Warm White LED Smooth Mini Set Light String $3.98 https://t.co/fbANmsVb1h at #Amazon https://t.co/TMe5Z2h1PU,1.311244462509695e+18
3,2020-09-30 10:00:40,RameezK289,"Last Chance! Would you like to win a $50 Amazon Gift Card or PayPal Deposit? Check out this easy entry Gleam giveaway for a chance to #WIN

Open Worldwide

@GooseGiveaways #wingiftcard #wincash #amazon #paypal #winmoney #sweepstakes #giveaways https://t.co/zmxlUSqwhu",1.311244563596505e+18
4,2020-09-30 10:00:11,yuki_nagase,"【発泡酒】ベスト10
【新ジャンル】キリン 本麒麟[350ml×24本]
https://t.co/34c4VrwpTY #Amazon",1.311244442389504e+18
5,2020-09-30 10:00:38,shinchaku,【発売日：2020/09/25】異世界魔法は遅れてる！(7) (ガルドコミックス)  https://t.co/BgtsMz4LVp #amazon,1.3112445575358956e+18
6,2020-09-30 10:00:19,ecosoftpet,"Organic Clumping Cat Litter| Eco Soft Cat Litter| Eco soft pet products
#ecosoft #catlitter #organiccatlitter #clumpingcatlitter  #ecosoftpet #ecosoftpetproducts #ecosoftcatlitter #ecofriendlycatlitter #catlitterbox #litterbox #litter #flushable #odourcontrol #Amazon #bestcoir https://t.co/qI6f5rIILv",1.3112444744214446e+18
7,2020-09-30 10:00:26,shinchaku,【発売日：2020/09/23】ポポロ 2020年 11 月号  https://t.co/tA5M1NH4WK #amazon,1.3112445055516385e+18
8,2020-09-30 10:00:37,yuki_nagase,"【発泡酒】ベスト10
【糖質ゼロ アルコール6%】クリアアサヒ 贅沢ゼロ [ ビール [ 350ml×24本 ] ]
https://t.co/m23ng1FpZ4 #Amazon",1.3112445520160768e+18
9,2020-09-30 09:59:59,DeliariaDavis,https://t.co/diV5dFS2Ar #amazon #Free #Ku #writingcommunity #birthdayfreebie,1.3112443938068726e+18
10,2020-09-30 10:00:17,TheCommsCo,#Amazon One: Palm #scanner launched for 'secure' payments https://t.co/G5ngmfZIpt @BBC,1.3112444660496466e+18
11,2020-09-30 10:00:27,shinchaku,【発売日：2020/09/18】キングダム 59 (ヤングジャンプコミックス)  https://t.co/ORRPBdA4lL #amazon,1.3112445112391188e+18
12,2020-09-30 10:00:36,shinchaku,【発売日：2020/09/23】ディーふらぐ！ 15 (MFコミックス　アライブシリーズ)  https://t.co/XWK5VXNT8m #amazon,1.3112445478051144e+18
13,2020-09-30 10:00:37,shinchaku,【発売日：2020/09/17】高嶺のハナさん 3  https://t.co/V6vaqTbJ2w #amazon,1.3112445500113224e+18
14,2020-09-30 10:00:14,news_unison,"Cheap Desk Lamps That tone Fancy From Wayfair, Walmart, Amazon And More

https://t.co/Sn7yhsvROO

#amazon #cheap #desk #fancy #garden #gardenbythebay #gardenlandscape #gardenofwords #gardenia #gardeningtools #home #homeampliving #homeaway #hom... https://t.co/im1Tkd3lJL",1.311244454796329e+18
15,2020-09-30 09:59:52,Oldbrookender,"Best Selling Action Adventure Series Set in Roman Britain
Free on Kindle Unlimited
#iartg #histfic #Rome
#amazon #bestseller
#book #kindle #KU
https://t.co/tzI3ENFEei  
https://t.co/br7yKp00zA 
https://t.co/c6pI98z6MR 
https://t.co/g2NOaiXQW5 https://t.co/pV7KJhvLM0",1.311244361498321e+18
16,2020-09-30 10:00:42,yuki_nagase,"【発泡酒】ベスト10
【新ジャンル】サッポロ GOLD STAR [ 350ml×24本 ]
https://t.co/3bmSdttO2P #Amazon",1.3112445738389873e+18
17,2020-09-30 10:00:51,NachoArenillas,"https://t.co/9GnvIaI7BY
Imparable el Ecommerce, creando empleo en plena crisis...Bravo!!! #transformacióndigital #empleo #techie #amazon #covid19 #digitalizacion #automatización",1.311244612300923e+18
18,2020-09-30 10:00:08,Tag24S,#Amazon testet in Deutschland #Software für kleine Lieferroboter. #scout #tuebingen #cybervalley https://t.co/hr8PEmzWcy https://t.co/5vhs4C5uou,1.3112444304862413e+18
19,2020-09-30 10:01:13,Fuchs03,europäische Klingen mit System? https://t.co/r32UMC5JKg die Buchserie für Neugierige #Sachbuch #Amazon #Kindle #look4books #Schwert #MustRead #Nonfiction #AmazonKindle #Paperback #paperbacks #Buch #ebooks #books #indiesauthor #indiebooks #indiebookdiscovery #series https://t.co/W2ShRRn9ij,1.311244702264496e+18
20,2020-09-30 10:00:21,yuki_nagase,"【発泡酒】ベスト10
【発泡酒】キリン 淡麗グリーンラベル 糖質70% オフ [ 350ml×24本 ]
https://t.co/897Vrkxnw5 #Amazon",1.3112444862870446e+18
21,2020-09-30 10:00:27,yuki_nagase,"【発泡酒】ベスト10
【超スッキリ】2020年新発売 サントリーブルー [ 350×24本 ]
https://t.co/4Ge00uM9UC #Amazon",1.311244508160385e+18
22,2020-09-30 10:00:32,efipm,"#Amazon One Palm-Scanner Debuts #Payment With 'Wave of the Hand'

#payments #digitalpayment #innovation #tech

@SpirosMargaris @Visible_Banking @jblefevre60 @SusanneChishti @Xbond49 @Ronald_vanLoon @GoogleExpertUK 

https://t.co/32bVJf4kCw",1.3112445287294444e+18
23,2020-09-30 10:00:06,BaratoDeVerdad,"🧔 ¡#AHORRO de 59 💶 en esta afeitadora eléctrica #Braun!

#Wireless, incluye base de carga
Funciona en seco y mojado
Cabezal pivotante adaptable que minimiza la presión sobre tu piel
Accesorio de recortadora de precisión

📦 Envío #gratis en #Amazon

🔗 https://t.co/Z8AWJGcddA https://t.co/vIN3C9hHTc",1.3112444226764472e+18
24,2020-09-30 10:00:01,opificioprugna,"Tecnologia biometrica. Amazon introduce il pagamento col palmo della mano. Una valida soluzione per non farsi fregare da quelli che prima pagavano col cazzo.

( Lucilla Masini @LucillaMasini )

#30settembre #Amazon #sicurezza #Tecnologia",1.3112444005556838e+18
25,2020-09-30 10:00:24,shinchaku,【発売日：2020/09/25】とんでもスキルで異世界放浪メシ 6 (ガルドコミックス)  https://t.co/lP0MRgGCKN #amazon,1.311244495992873e+18
26,2020-09-30 10:00:01,yuki_nagase,"【発泡酒】ベスト10
【新ジャンル/第3のビール】アサヒ ザ・リッチ [ ビール 350ml×24本 ]
https://t.co/GewxZ0NWLb #Amazon",1.311244398584197e+18
27,2020-09-30 10:00:00,xlkrea,"🛍 Amazon lance un personal shopper pour homme à moins de 5 dollars par mois 🙄 Qu'est ce que c'est ? 
👉 https://t.co/81POEIOnU0

#Amazon https://t.co/Cc8Y9s56Tz",1.3112443983578153e+18
28,2020-09-30 10:00:02,AH0RRAC0M0NUNCA,"🧔 ¡#AHORRO de 59 💶 en esta afeitadora eléctrica #Braun!

#Wireless, incluye base de carga
Funciona en seco y mojado
Cabezal pivotante adaptable que minimiza la presión sobre tu piel
Accesorio de recortadora de precisión

📦 Envío #gratis en #Amazon

🔗 https://t.co/sfHSk9DNNJ https://t.co/LMZ5lpkC9r",1.3112444041669263e+18
29,2020-09-30 09:59:38,CholloLinkES,"‍CHOLLAZO ❗️🔸 #Amazon | #Alimentación
📣Cuétara - Tosta Rica Choco Guay - Galletas Sándwich Rellena de Crema de Leche - 168 g

⛔️ PVP: 1,45€ 
 ✅PRECIO OFERTA: 1,00€ 

   ⤵️ Link de compra
   🌐 https://t.co/5mgjERzzBp

Visto en https://t.co/JpQzg3pNYP https://t.co/sqMJyh7q05",1.31124430353306e+18
30,2020-09-30 10:00:06,yuki_nagase,"【発泡酒】ベスト10
【新ジャンル/第3のビール】新・サントリー 金麦 [ 350ml×24本 ]
https://t.co/w3yyCwBSFG #Amazon",1.311244420436484e+18
31,2020-09-30 10:00:01,AlphaRepricer,"Alpha Repricer is now repricing Amazon UAE.
https://t.co/7Ujpgrf70K

#Amazon #AmazonRepricer #AlphaRepricer #OnlineSellers #bestRepricer #Amazonfba #Amazonsellertool #entrepreneur #fbasellers #uae #dubai #AbuDhabi #Sharjah #Ajman #AlAin #AmazonAE #Jumeirah https://t.co/rLeEldpht0",1.3112443986346967e+18
32,2020-09-30 10:00:48,yuki_nagase,"【発泡酒】ベスト10
【糖質ゼロ】アサヒスタイルフリー [ ビール [ 350ml×24本 ] ]
https://t.co/J9TJcslokN #Amazon",1.3112445958884393e+18
33,2020-09-30 10:00:16,yuki_nagase,"【発泡酒】ベスト10
サントリー 金麦 琥珀の秋 [ 350ml×24本 ]
https://t.co/R3jme1qsQk #Amazon",1.3112444643760128e+18
34,2020-09-30 10:00:04,AlanSomoza,"¿Buscas #algoparaleer ?¡El volumen 2 de la aclamada serie de #CienciaFicción #española #arrasa!¡Descubre el monstruo #capitalista que se esconde tras la Confederación! #Mexico #España #algoparaleer #Amazon , #libros #literatura #lectura #ebook https://t.co/cJDwKujOJF https://t.co/HXckSZafW3",1.3112444140487107e+18
35,2020-09-30 10:00:08,SaadSha31843465,"#Oneplus
#Oneplus8T
#Oneplus8T5G
#UltraSmooth
#UltraStopatNothing
#UltraFastCharging
              =#Oneplus
#AmazonQuiz
#Amazon https://t.co/jDdhh4q4pc",1.3112444302260224e+18
36,2020-09-30 10:00:38,shinchaku,【発売日：2020/09/29】梅澤美波1st写真集 夢の近く  https://t.co/fiWu59ulY1 #amazon,1.3112445563362755e+18
37,2020-09-30 09:59:35,kakicchysmusic6,https://t.co/MaMFRamliO: Another World: kakicchysmusic: MP3 Downloads https://t.co/xgSR7Vxdi8 #Amazon #Prime,1.3112442908660777e+18
38,2020-09-30 09:59:12,ki_17th,"@HarukiKai0628 ・・・ピコン♪
おっ新しいツイート！
「ピコン」
「・・・！？」
「ひやぁあぎゃぁぁああああああ！？」
というただの脳内妄想
Amazonほしい物リストを一緒に編集しましょう https://t.co/N1NOTpiacp #Amazon",1.311244193851822e+18
39,2020-09-30 10:00:45,ItShouldBeYour,"Modus Furniture Royal Tufted Headboard, California King, Dolphin https://t.co/vKWGuG3a5K #gifts #giftideas #shopping #household #holiday #blackfriday #thanksgiving #cybermonday @amazon #amazon https://t.co/XGgXhvPCmB",1.311244585155416e+18
40,2020-09-30 09:59:33,MaxiChollo,"‍CHOLLAZO ❗️🔸 #Amazon | #Alimentación
📣Cuétara - Tosta Rica Choco Guay - Galletas Sándwich Rellena de Crema de Leche - 168 g

⛔️ PVP: 1,45€ 
 ✅PRECIO OFERTA: 1,00€ 

   ⤵️ Link de compra
   🌐 https://t.co/RdnlJQl47w

Visto en https://t.co/HGTfnxxDnL https://t.co/VXRagwvr1m",1.311244282737488e+18
41,2020-09-30 10:01:01,Fuchs03,"Bartitsu, Suffragetten und Sherlock Holmes!? https://t.co/Pb7AHcFT77 #Nonfiction #Sachbuch #Amazon #Kindle #books #ebook #indiebooks #series #paperbacks #Paperback #Bartitsu #MustRead #indiebookdiscovery #look4books #KindleUnlimited https://t.co/GefgtfQGLQ",1.3112446528850084e+18
42,2020-09-30 10:00:26,shinchaku,【発売日：2020/09/16】ONE PIECE 97 (ジャンプコミックス)  https://t.co/JkWajkbL7j #amazon,1.3112445043143803e+18
43,2020-09-30 10:00:34,shinchaku,【発売日：2020/09/23】週刊少年サンデー 2020年43号(2020年9月23日発売) [雑誌]  https://t.co/wW0X1azUDG #amazon,1.3112445395297772e+18
44,2020-09-30 10:00:32,shinchaku,【発売日：2020/09/24】アンゴルモア　元寇合戦記　博多編　（３） (角川コミックス・エース)  https://t.co/YLHVRJ7mAO #amazon,1.3112445307762483e+18
45,2020-09-30 10:01:12,beiruting,"#Amazon's smart #home security division Ring has unveiled a flying #camera that launches if sensors detect a potential home break-in

Tap to view
https://t.co/ISBhC0Xwl7",1.3112446966902743e+18
46,2020-09-30 10:00:04,AlanSomoza,"¿Buscas #algoparaleer ?¡El volumen 2 de la aclamada serie de #CienciaFicción #española #arrasa!¡Descubre el monstruo #capitalista que se esconde tras la Confederación! #Mexico #España #algoparaleer #Amazon , #libros #literatura #lectura #ebook https://t.co/cJDwKujOJF https://t.co/0isesjtSsA",1.3112444142458388e+18
47,2020-09-30 09:59:30,Oldbrookender,"Best Selling Action Adventure Series Set in Roman Britain
Free on Kindle Unlimited
#iartg #histfic #Rome
#amazon #bestseller
#book #kindle #KU
https://t.co/tzI3ENFEei  
https://t.co/br7yKp00zA 
https://t.co/c6pI98z6MR 
https://t.co/g2NOaiXQW5 https://t.co/rX61IxSk1y",1.3112442703810888e+18
48,2020-09-30 10:00:03,YabRock,Earthbound / #KingCrimson https://t.co/dNhYVWDX5G #ProgressiveRock #ProgRock #アマゾン #Amazon #AmazonJP,1.3112444082479186e+18
49,2020-09-30 10:00:32,yuki_nagase,"【発泡酒】ベスト10
【新ジャンル】キリン のどごし&lt;生&gt; [ 350ml×24本 ]
https://t.co/DJgqPaKS9L #Amazon",1.3112445300755784e+18
,date,screen_name,tweet,tweet_id
0,2020-09-30 09:57:57,jg8rktcharlotte,"最近 #Amazon に不信感。
メーカー純正品でも #アマゾン 向けに製造された物は、安いが品質はそれ以上に悪い。
書籍など何処で買っても同じもので無ければ、届くまで心配だ。 https://t.co/lJFxu4474c",1.3112438802060083e+18
1,2020-09-30 09:58:30,Airstudios3,#Nishabdham #AnushkaShetty #ShaliniPandey #Madhavan #anjali #michaelmadsen #subbaraju #PrimeVideo #Amazon #SilenceOnPrime #NishabdhamOnPrime https://t.co/B6aZqE8ZD7,1.3112440205977068e+18
2,2020-09-30 09:54:09,XperienceDope,"Blasting Cougnut - I Smell Jealousy right now on Pretty Dope Xperience Radio aka #BlackPandora

listen now and catch a wave!! https://t.co/VqKFopeoex  #nowplaying #np #RT  #NowStreaming #Streema Download Now #Alexa #GooglePlay #iOSAppStore #Amazon #",1.3112429229065953e+18
3,2020-09-30 09:51:00,Haidji,"""They suffered with his death-and she-she suffered with their reaction to it."" #books click on https://t.co/Jv4IfW8cgV  
 #quoteoftheday #quotes #kindleunlimited #bookquotes #read #ebook #ku  #paperback #amazon  #inspiration #haidji #goodreads #books #read #reading #Book https://t.co/qR6eyRRvhC",1.3112421302668124e+18
4,2020-09-30 09:48:41,chollosyoferta,"#Chollo #Amazon TRESemmé Champú Liso y Sedoso   Paquete de 4 x 900 ml   Total: 3600 ml

Precio oferta: 12,6

    👇👇👇👇👇👇👇
👉 https://t.co/W93yOzhu88 https://t.co/U8jCItV8BG",1.311241548764414e+18
5,2020-09-30 09:58:54,Edcare5,"#AmazonOne : Palm scanner launched for 'secure' #payments , read more 👉👉👉👉👉👉 @BBCTech 
https://t.co/6dxWueVc2S
#technology #innovation #secure #amazon https://t.co/K9Fi6LGZyk",1.3112441176916541e+18
6,2020-09-30 09:51:46,CholloLinkES,"‍CHOLLAZO ❗️🔸 #Amazon | #Belleza
📣Instituto Español Bebe Gel de Baño sin Jabón - 500 ml

⛔️ PVP: 8,76€ 
 ✅PRECIO OFERTA: 4,49€ 

   ⤵️ Link de compra
   🌐 https://t.co/IW5Je5bL4V

Visto en https://t.co/JpQzg3pNYP https://t.co/N90UivHfz5",1.311242324421292e+18
7,2020-09-30 09:46:44,dominiklrauth,"Und hier in Deutschland kann ich immernoch nicht überall mit Karte zahlen... 

https://t.co/vw0XEpDZH1

#Digitalisierung #tech #Amazon",1.3112410578799493e+18
8,2020-09-30 09:47:45,XperienceDope,"Blasting Join The Conversation - https://t.co/bv8UuEIHb3 right now on Pretty Dope Xperience Radio aka #BlackPandora

listen now and catch a wave!! https://t.co/VqKFopeoex  #nowplaying #np #RT  #NowStreaming #Streema Download Now #Alexa #GooglePlay #iOSAppStore #Amazon #",1.311241315666088e+18
9,2020-09-30 09:51:35,ChollosDescubre,"‍CHOLLAZO ❗️🔸 #Amazon | #Belleza
📣Instituto Español Bebe Gel de Baño sin Jabón - 500 ml

⛔️ PVP: 8,76€ 
 ✅PRECIO OFERTA: 4,49€ 

   ⤵️ Link de compra
   🌐 https://t.co/PE3dcfo50e

Visto en https://t.co/HW2VwUc9d2 https://t.co/NUXwTmFDKp",1.3112422793829007e+18
10,2020-09-30 09:55:40,hispachollos,"🌀 Keten Objetivo Digital Electrónico para Pistolas Nerf con Restablecimiento Automático, Efectos Inteligentes de Sonido y Luz, para Nerf N-Strike Elite/Mega/Rival Series (Solo Objetivo). #Amazon 🇪🇸

🕘 PRECIO FLASH: 14,39€

💶 Precio o ...
https://t.co/GtRYNhyr4s
#chollo",1.3112433044917699e+18
11,2020-09-30 09:54:50,WINNEWS_IN,"புளோரிடாவின் ஜாக்சன்வில்லில் உள்ள அமேசான் அலுவலகத்தில் நடந்த துப்பாக்கிச் சூட்டில் ஒருவர் உயிரிழப்பு, ஒருவர் காயம்

#Florida #Amazon #America #shotout #WinNews",1.311243096156373e+18
12,2020-09-30 09:51:02,buechermaus01,"Elbanor: Das Erwachen von Jürgen Flüchter
#amazon #buecher #lesen #kindle #lesenmachtgluecklich #buchtipp #bonnybbx #GermanMediaRT 
""Ja, wer war ich? Nowhere Man, ich bin der Nowhere Man, hörte ich mich antworten.""
https://t.co/XLhsQDnvdb https://t.co/XZ09rsQGc8",1.3112421380809482e+18
13,2020-09-30 09:49:10,gaoqiaomeizhi,"レビュー募集しています
応募方法：フォロー/RT/コメント
返金方法：PayPal、Paypay、LINE Pay、Amazonギフト券など。
ご興味がございましたら、ご遠慮なくご連絡してください。🥰
#アマゾンレビュー #アマゾン #amazon #レビューア #アマゾンレビュー募集 #レビュー #無料商品  #Amazonレビュー募集 https://t.co/YKdl0nTP8D",1.3112416710241075e+18
14,2020-09-30 09:56:31,ajhess05,I need an #amazon hit! Help me win a amazon card from @AnnaWriter (and enter too!) @FreshFiction.com https://t.co/6pTzFE0FLu   #giveaway,1.311243521727312e+18
15,2020-09-30 09:49:28,OfertacularRL,"‼️FUNKO MR INCREÍBLE‼️ 👁‍🗨 #funkochollo #Amazon #chollo #oferta #ganga #funko #funkopop

⚫️ Funko Pop!- Disney: The Incredibles 2 Mr Increible Figura de Vinilo, (29200)

🛒: ➡️ https://t.co/VEs3qDmNZD ⬅️

🟢 https://t.co/SdTO2TTDka https://t.co/et9rGQJOrq",1.3112417470502298e+18
16,2020-09-30 09:54:33,DgThor,"@AmazonHelp So just because i dont remember my billing address you will keep charging me throughout my life ? Also, i am not even able to login to my account because my phone number is lost and not in use. #Amazon",1.311243024660222e+18
17,2020-09-30 09:56:45,blakcirclegirl,Candy corn #ombre on @3dRoseLLC And @amazon! https://t.co/4xTT9Yd3wn Sold! Thank you to the buyer! #amazon #3drose #candycorn #halloween #facemask #candy https://t.co/EQUHPogJ5M,1.3112435765174968e+18
18,2020-09-30 09:48:37,ykswld,岩谷産業 ジュニアコンパクトバーナー C...今売れています！https://t.co/q8lVcwtdRW #follow #sougo #Amazon #アマゾン,1.3112415324360868e+18
19,2020-09-30 09:57:25,sudharshana007,"#Oneplus8T5GAmazonQuiz
#OnePlus8T5G 
#AmazonQuiz 
#Amazon 
I love Amazon in great deals in India biggest shipping good service that is my reason 😘😍😍 https://t.co/W90Kbc4YHD",1.3112437450111345e+18
20,2020-09-30 09:48:02,s_repose,Books. Limited time. Be quick! #Amazon #IndiePub #Bookish #AmReading #Readers #Adventure https://t.co/wbVbFnHmUr,1.3112413868600115e+18
21,2020-09-30 09:47:55,PeopleInbox,"Free Online Course!
Start A Successful Business On Amazon. 7 Easy Steps.
Everything You Need To Start A Successful Business On Amazon Is Included. Simple Step By Step Process.
Click here to enroll https://t.co/QDhiOO1XiU
#Amazon #Business #Online #Course #Peopleinbox https://t.co/TljBuQFpna",1.3112413551428772e+18
22,2020-09-30 09:50:11,OfertacularRL,"‼️UNO EN STOCK ⏰‼️ 👁‍🗨 #Ofertacular #Amazon #chollo #oferta #ganga

⚫️ Motorola Moto E6 Plus 4/64 Gb

🛒: ➡️ https://t.co/DxAAuSIjOV ⬅️ https://t.co/GW84AlAjUK",1.3112419252157809e+18
23,2020-09-30 09:51:41,MaxiChollo,"‍CHOLLAZO ❗️🔸 #Amazon | #Belleza
📣Instituto Español Bebe Gel de Baño sin Jabón - 500 ml

⛔️ PVP: 8,76€ 
 ✅PRECIO OFERTA: 4,49€ 

   ⤵️ Link de compra
   🌐 https://t.co/E5p1S20Syf

Visto en https://t.co/HGTfnxg2wd https://t.co/8cq9CMimZV",1.3112423026822595e+18
24,2020-09-30 09:58:59,CoolDealCA,"💵💰

Ring 14 Piece Alarm System WITH #Amazon  Echo dot for $229, 40% off!!!
(#retail $379!!)

 #Deal #ganga

 https://t.co/yuRpyXz2gu https://t.co/JZ53QdtZ6J",1.3112441396783145e+18
25,2020-09-30 09:55:54,MinuMistress,"Ho aggiornato la mia #wishlist #amazon con tante nuove cosine che potrebbero servire per il mio nuovo #dungeonroma non fate i timidi
https://t.co/7paIwCOnb1 https://t.co/ldCXQOePGD",1.3112433652420813e+18
26,2020-09-30 09:55:03,AlanSomoza,"Cruzados de las Estrellas,Volumen 1. #revolucion en #cienciaficcion #algoparaleer https://t.co/uFqK8TZvwJ
Más de 3900 ejemplares vendidos en #igualdad gracias a #amazon #libros #literatura #lectura #Mexico #España #ebook https://t.co/IRTsKDbToz",1.3112431499525898e+18
27,2020-09-30 09:53:22,tutiendademasc1,https://t.co/8FNNGXHpQS #MiBand5 #Xiaomi #Amazon,1.3112427271541228e+18
28,2020-09-03 18:26:48,LenovoLegion,"Lenovo Legion x @PlayApex
Now is your chance to rise above the rest. 
Unmatched performance, purposeful engineering, modern design.
Gear up with a machine as savage as you are.
Stylish outside.
Savage inside.",1.301587465258578e+18
29,2020-09-30 09:58:22,_ukanomitama_,"レック 激落ちくん お風呂まるごと バスクリーナー (ショート伸縮) 48~68cm S-824 https://t.co/Ym3XwqTErL #Amazon

ちょーwww
ホントホントに騙されたと思って買って！本当に買って！！
めっちゃ凄いから～(笑)",1.3112439871271567e+18
30,2020-09-30 09:50:59,zeta_masa,"本日2記事目となる #ブログ更新 を行いました！
iPhone SE 第2世代用のガラス液晶保護フィルムを購入する！
https://t.co/Kw3YZTYIww
#Amazon
#iphone
#iphonese
#液晶保護フィルム
#AloMit
#blog
#wordpress
#ブログ
#ブログ書け",1.3112421278718976e+18
31,2020-09-30 09:47:25,DgThor,Hi @AmazonHelp This is cheating. How do you expect customers to remember exact billing address. You are debiting money without my consent. #CustServ #Amazon #CustomerExperience #CustomerService,1.311241228306899e+18
32,2020-09-30 09:48:38,blakcirclegirl,It’s a boy! #design on @3dRoseLLC and @amazon! https://t.co/aDgVpKOX0L Sold 2! Thank you to the buyers! #amazon #3drose #babyshower #family #giftguide #giftideas #baby #preggers... https://t.co/LquPcsyDNS,1.31124153556079e+18
33,2020-09-30 09:49:07,MIQUELCASALSPL1,"Id memorizando... #thriller #leer #LecturaRecomedada Pronto en #librerias #Amazon #LaCasadelLibro #FNAC #ElCorteIngles #kindle #tapablanda De mi trilogía #CaminoEmpedrado Te atrapará desde la primera página.
@Edicirculorojo  
@megustaleer https://t.co/VJkM85KBh0",1.3112416594395505e+18
34,2020-09-30 09:58:26,XperienceDope,"Blasting Chekmäte - About Us [Prod. by Rappy On The Beat] right now on Pretty Dope Xperience Radio aka #BlackPandora

listen now and catch a wave!! https://t.co/VqKFopeoex  #nowplaying #np #RT  #NowStreaming #Streema Download Now #Alexa #GooglePlay #iOSAppStore #Amazon #",1.3112440027468718e+18
35,2020-09-30 09:48:15,kirakiramikko,"#Amazon で購入した猫の置き物
じゃ、ないですミャン😾
ダンボールには必ず入ってみるのアルタの主義ですミャン😺
って、コレ浅すぎ！

#bengalcat #ilovecat #bengalcats https://t.co/nsSeiHB7dH",1.3112414386093302e+18
36,2020-09-30 09:51:20,rakten_kaden_,"09/30 18:51

東レ トレビーノ ポット型浄水器 交換用カートリッ
【楽天】5140円
【Amazon】15715円

★楽天で購入すると★
 10575円 お得（お得率206％）

↓お得な情報を一覧で確認出来るサイト
https://t.co/kMQYxgL6Rh

#楽天市場 #Amazon #お得 #せどり https://t.co/qjMrcxpZYI",1.3112422140774236e+18
37,2020-09-30 09:57:13,arnaudb2r,Une innovation très intéressante de la part d'Amazon One avec le paiement qui s'effectue avec la paume de la main. #innovation #digital #Amazon  https://t.co/3wBjrUBuZA,1.311243697158226e+18
38,2020-09-30 09:51:02,AlanSomoza,"Cruzados de las Estrellas,Volumen 1. #cienciaficcon ¡Colección completa! https://t.co/uFqK8TZvwJ
¡La #saga de #cienciaficcion al estilo #StarWars que arrasa en #amazon! #Mexico #España #algoparaleer #libros #literatura #lectura #ebook https://t.co/ehNWZXj2QW",1.3112421411260047e+18
39,2020-09-30 09:58:29,ki_17th,"@HarukiKai0628 ・・・ピコン♪
おっ新しいツイート！
「ピコン」
「・・・！？」
「ひやぁあぎゃぁぁああああああ！？」
というただの脳内妄想
Amazonほしい物リストを一緒に編集しましょう https://t.co/N1NOTpiacp #Amazon",1.3112440149311734e+18
40,2020-09-30 09:49:27,creativemm12,"#ONUEMP の ステップドリル ONUEMP 六角轴 3本セット チタンコーティング スパイラル hss钢 ドリル 螺旋 六角轴スパイラル 3pcs 4-32mm 15段 4-20mm 9段 4-12mm 9段
https://t.co/2Opr8BHmUC
#フォロバ100パーセント
#마켓팅
#amazon
#Titans
#Tottenham #vs #Chelsea
#踩過界",1.3112417413500477e+18
41,2020-09-30 09:55:54,carmenensutinta,"#Amazon #Ofertas Dispensador Automático de Alcohol con Sensor, https://t.co/2kx8nUSSh6 https://t.co/41e0q9DYjY",1.3112433658628465e+18
42,2020-09-30 09:50:37,darrell_mata,"💘Lavievert Wooden Jigsaw Puzzle Board - Up to 1000 Pieces
👉Link: https://t.co/Lao7WMTCLx
👉15% OFF With Code: 2S3BGLGG
🐶End Date: 10/16/2020

#puzzle #puzzles #puzzleoftheday #Amazon https://t.co/Fik22QaqsP",1.3112420352953917e+18
43,2020-09-30 09:56:20,rakten_kaden_,"09/30 18:56

TDK 婦人用電子体温計 HT-301/TP
【楽天】2970円
【Amazon】3449円

★楽天で購入すると★
 479円 お得（お得率16％）

↓お得な情報を一覧で確認出来るサイト
https://t.co/kMQYxgL6Rh

#楽天市場 #Amazon #お得 #せどり https://t.co/Q0DUWkvRqF",1.3112434740925235e+18
44,2020-09-30 09:57:05,dgcars,"RT #WestBridgfordWire #Amazon #Nottingham 
• 𝐌𝐨𝐫𝐫𝐢𝐬𝐨𝐧𝐬 𝐜𝐫𝐞𝐚𝐭𝐞𝐬 𝐨𝐯𝐞𝐫 𝟏,𝟎𝟎𝟎 𝐧𝐞𝐰 𝐣𝐨𝐛𝐬 𝐭𝐨 𝐟𝐮𝐥𝐟𝐢𝐥 𝐀𝐦𝐚𝐳𝐨𝐧 𝐨𝐫𝐝𝐞𝐫𝐬 – 𝐢𝐧𝐜𝐥𝐮𝐝𝐢𝐧𝐠 𝐍𝐨𝐭𝐭𝐢𝐧𝐠𝐡𝐚𝐦𝐬𝐡𝐢𝐫𝐞
https://t.co/trnCQsTwur",1.311243664266584e+18
45,2020-09-30 09:57:13,AppDropped_UK,"Check out this #Amazon Bestseller - Corsair CMK16GX4M2D3000C16 Vengeance LPX 16 GB (2 x 8 G for £57.48
https://t.co/LrBUuP5kBo https://t.co/SxqsJ91Q0b",1.3112436950402007e+18
46,2020-09-30 09:59:02,AlanSomoza,"¿Buscas #algoparaleer ? ¡El volumen 2 de la aclamada serie de #CienciaFicción #española por fin en venta!¡Descubre el monstruo #capitalista que se esconde tras la Confederación! Disfruta de los nuevos singles de Cruzados de las Estrellas en #Amazon , https://t.co/cJDwKujOJF https://t.co/bRJ8WS68m2",1.311244154173821e+18
47,2020-09-30 09:51:05,lateratecc_trb,"場所はかきません。
でもこんなしょうもない。
盗んだあなたが料理に興味なかったら捨てるしかないようなやつを盗んで捕まるなんてただのバカじゃない？
盗まないで。

#Amazon
#盗難
#やめて
#Amazon対応済み",1.311242151347458e+18
48,2020-09-30 09:56:38,creativemm12,"&lt;Current Weather&gt;
Chicago
Temperature: 52.52°F/ Status: clouds
👉https://t.co/nbHga0L4ZV #amazon👈
💯👉Auto Follower👈💯
💯👉#自動相互フォロー👈💯

#固定RT
#Astros
#Eric #Trump
#National #Coffee #Day
#TFW
#followermachine
#相互リツイート
#f4f
#1000ADay",1.3112435475892716e+18
49,2020-09-30 09:55:49,oso1mex,@Amazon @JeffBezos #Amazon #AmazonDeathTrap #Florida https://t.co/m9ftMWzoBU,1.311243342957609e+18
,date,screen_name,tweet,tweet_id
0,2020-09-30 09:45:57,JagbaniOnline,"ਖ਼ੁਸ਼ਖ਼ਬਰੀ, ਫਲਿਪਕਾਰਟ ਅਤੇ ਐਮਾਜ਼ੋਨ ਕਰਨਗੀਆਂ 3 ਲੱਖ ਲੋਕਾਂ ਦੀਆਂ ਬੰਪਰ ਭਰਤੀਆਂ
https://t.co/MFbouUBxP4
#Flipkart #Amazon #FestiveSeason #EcomExpress #3MillionPeople #Recruitment https://t.co/4GeZHtH2KI",1.31124085944721e+18
1,2020-09-30 09:43:53,gaoqiaomeizhi,"レビュー募集しています
応募方法：フォロー/RT/コメント
返金方法：PayPal、Paypay、LINE Pay、Amazonギフト券など。
ご興味がございましたら、ご遠慮なくご連絡してください。🥰
#アマゾンレビュー #アマゾン #amazon #レビューア #アマゾンレビュー募集 #レビュー #無料商品  #Amazonレビュー募集 https://t.co/XogxABrmZM",1.3112403406034616e+18
2,2020-09-30 09:41:09,RideshareDish,"#Amazon category of the day: #Radio Bestsellers
https://t.co/7urOCTPjpj

#CNN #TV #podcast #podcasts #podcasting
#InternationalPodcastDay",1.311239652536279e+18
3,2020-09-30 09:43:58,DgThor,"@AmazonHelp Hi @amazonhelp just because i am not able to remember my billing address, I will be charged Rs 129 and no access to the account as well. This was the help given by customer service with 30 minutes of call #Amazon good way of conning customers.",1.3112403597336822e+18
4,2020-09-30 09:41:16,Pascally6,"#HowLongShouldSexLast
R30
$2
#ebook 
Available #Amazon
You read it on your device.
No need for delivery.

Novel inspired by Genesis in the Bible.

https://t.co/EEkKncOGvj",1.3112396840733696e+18
5,2020-09-30 09:45:08,geeksforgeeks,"#Amazon has its #PrimeDay, #FLipkart has their #BigBillion Sale, #Apple has its #WWDC event. 

And We?
We have the Biggest Festival for #Programmers!

Register now-&gt;https://t.co/iZiaICHffo

#GeekWeek

#programminglife #offers #codingfestival #Online #learntocode #LearnProgramming https://t.co/0ObOD6i7Gu",1.311240656384176e+18
6,2020-09-30 09:46:14,OnlyGearBest,"🌟 [𝗢𝗻𝗹𝘆 𝗚𝗲𝗮𝗿𝗯𝗲𝘀𝘁] 🌟

🔊 Columbia Pouring Adventure Chaqueta, Hombre #amazon

🌍 Enlace: https://t.co/miH4yIp9KZ

Te esperamos en telegram: https://t.co/mPaN5u2fFj https://t.co/Gz9fFaKo1b",1.3112409301549507e+18
7,2020-09-30 09:39:09,NaumanNomy,Check out this page from Naumazon https://t.co/4k1uVdHqkV #Amazon,1.3112391504990167e+18
8,2020-09-30 09:45:37,hayachikara,"医療ドラマ   林田力 

医療作品のレビュー

https://t.co/hg37Wn7wWj @amazonJPより 
 #林田力 #Amazon #Kindle #アマゾン 
#キンドル #電子書籍  #本が好き https://t.co/AHvTiYer6V",1.3112407768697897e+18
9,2020-09-30 09:46:15,MenudoPaquete,"🌟 [𝗠𝗲𝗻𝘂𝗱𝗼 𝗣𝗮𝗾𝘂𝗲𝘁𝗲] 🌟

🔊 Columbia Pouring Adventure Chaqueta, Hombre #amazon

🌍 Enlace: https://t.co/iqqGPBVrjf

Te esperamos en telegram: https://t.co/IbEojfZpa4 https://t.co/JpgTv6IK88",1.3112409374782054e+18
10,2020-09-30 09:43:44,gaoqiaomeizhi,"レビュー募集しています
応募方法：フォロー/RT/コメント
返金方法：PayPal、Paypay、LINE Pay、Amazonギフト券など。
ご興味がございましたら、ご遠慮なくご連絡してください。🥰
#アマゾンレビュー #アマゾン #amazon #レビューア #アマゾンレビュー募集 #レビュー #無料商品  #Amazonレビュー募集 https://t.co/5t4PdozDz8",1.3112403015797023e+18
11,2020-09-30 09:41:16,BIGBOSSekimae,"【🚚Bigbossお茶の水駅前店は #Amazon にも出店しています🚚】

すぐに始められる！お得なギター、ベース、アコギ初心者セット掲載中😍
音符豊富な商品ラインナップ展開中です🌈
👉https://t.co/qCoD3q7Vtl

#入門 #バンド  #おうち時間 #ギター #ベース #エフェクター #アコギ #アマゾン #軽音楽部 https://t.co/glKngAD7y3",1.3112396837502607e+18
12,2020-09-30 09:46:14,reinadellowcost,"🌟 [𝗟𝗮 𝗿𝗲𝗶𝗻𝗮 𝗱𝗲𝗹 𝗟𝗼𝘄𝗰𝗼𝘀𝘁] 🌟

🔊 Columbia Pouring Adventure Chaqueta, Hombre #amazon

🌍 Enlace: https://t.co/rhLGArviDy

Te esperamos en telegram: https://t.co/Jxndx9pJCJ https://t.co/OCWV4CVpqB",1.3112409339172372e+18
13,2020-09-30 09:38:20,hispachollos,"🌀 Holife Aspiradora de Mano, Aspiradora de Mano sin Cable 3 en 1, Aspiradora en Seco y Húmedo 600ml de Capacidad, Tiempo Largo de Trabajo, Recargable para Casa, Coche,Negro. #Amazon 🇪🇸

🔘 Marca la casilla del cupón de descuento que s ...
https://t.co/L3ByfWKpgU
#chollo",1.311238945745797e+18
14,2020-09-30 09:40:06,XperienceDope,"Blasting https://t.co/KwvjUkr04D - We Are PDX RADIO right now on Pretty Dope Xperience Radio aka #BlackPandora

listen now and catch a wave!! https://t.co/VqKFopeoex  #nowplaying #np #RT  #NowStreaming #Streema Download Now #Alexa #GooglePlay #iOSAppStore #Amazon #",1.311239390199513e+18
15,2020-09-30 09:42:24,chollosyoferta,"#Chollo #Amazon 52% DESCUENTO Samsung Galaxy   Reloj inteligente, Bluetooth, Dorado, 42 mm [Versión alemana: Podría presentar problemas de compatibilidad]

Precio oferta: 239,0
Reacondicionado: 112,48

    👇👇👇👇👇👇👇
👉 https://t.co/rkeZs3MnFD https://t.co/8Rc66zfkPn",1.311239967658705e+18
16,2020-09-30 09:42:59,chollosyoferta,"#Chollo #Amazon 72% DESCUENTO HP Omen X9000   Ratón con Cable Gaming 8200 PPP, Negro y Rojo

Precio original: 61,45
Precio oferta: 59,99
Reacondicionado: 17,19

    👇👇👇👇👇👇👇
👉 https://t.co/mJzfGQhnsQ https://t.co/4WK7yTsFU7",1.3112401122951045e+18
17,2020-09-30 09:44:56,yumori021001,"ファーボドッグカメラ

🌈#人気商品🌈

外出先から大事な家族を見守れます🐶🐱💕

楽天⤵︎
https://t.co/Zen43oEdAs

amazon⤵︎
https://t.co/9Y6yul58Yv

#犬好きさんと繋がりたい 
#猫好きさんと繋がりたい 
#ペット用品 #カメラ
#Amazon #RakutenIchiba 

ROOM⤵︎ https://t.co/b8uDmd6a05",1.3112406041483305e+18
18,2020-09-30 09:42:45,byLilyV,"Get #IT #CERTIFIED 
One lesson, four #AWS certificates!
Enrol https://t.co/MTTCw6V3Vu
#cloudcomputing #amazon #cloud #certification https://t.co/Ib7SbVmGjy",1.3112400539984568e+18
19,2020-09-30 09:42:04,quenosabes,Es curioso hacer seguimiento de pedidos en #amazon. Pido dos cómics al mismo tiempo: una viene de Francia y otro de UK.,1.3112398815202755e+18
20,2020-09-30 09:46:12,RetailTechGuide,#Morrisons is hiring 1000 new staff to fulfil #Amazon Prime Now orders as demand skyrockets https://t.co/wVjQ3htk88,1.3112409248701194e+18
21,2020-09-30 09:44:03,XperienceDope,"Blasting R.B.L. Posse - Blue Bird right now on Pretty Dope Xperience Radio aka #BlackPandora

listen now and catch a wave!! https://t.co/VqKFopeoex  #nowplaying #np #RT  #NowStreaming #Streema Download Now #Alexa #GooglePlay #iOSAppStore #Amazon #",1.3112403843249603e+18
22,2020-09-30 09:46:40,apres76130,Any of you have #voiceassistants at home? #Amazon Echo and #Google Nest mini are my top two choices. What's yours? https://t.co/Co6SuyihJG,1.3112410426335928e+18
23,2020-09-30 09:46:05,Goldenlogos1,"Do you #need #product #packaging #design for your #business, #company #website,, #hospital, , #shop and #ebay #amazon , #shopify store or any other purposes. Here is the best seller on #fiverr Now you are in right place.

https://t.co/pKN4dOs20T",1.3112408955728445e+18
24,2020-09-30 09:45:10,CoolDealCA,"Go fast!!

Massage Gun only $42.99 🔥 

#freebies #deals #deal #moneysaver #greatdeal #steals #discount #sale #bargain #bargainhunter #cheap #bestprice #Amazon  #Deals #giveaway #Deal #ganga

 https://t.co/OLdGXWTFOM https://t.co/hlnW0bz7qq",1.311240664089342e+18
25,2020-09-30 09:45:18,skytunesmedia,#Amazon Working Hard For This #Music To Get To You #EmpTunes- Be Magnified Trenz On https://t.co/HCPFHy5sys,1.3112406974214758e+18
26,2020-09-30 09:42:29,miumiuMH,"家族と言うものはな、その中にたった一人でも不幸な者がおると皆が揃って不幸になってしまうという実に理不尽な掟で結ばれた者同士の事を言うんじゃ。逆に言うと家族の一人が幸せになる為には他の全員も幸せでなくてはならん。

ライアの祈り (https://t.co/gKzpKJaLAo #Amazon",1.3112399865454387e+18
27,2020-09-30 09:45:46,jonsee75,"Last Chance! Would you like to win a $50 Amazon Gift Card or PayPal Deposit? Check out this easy entry Gleam giveaway for a chance to #WIN

Open Worldwide

@GooseGiveaways #wingiftcard #wincash #amazon #paypal #winmoney #sweepstakes #giveaways https://t.co/tGeLbYJuKw",1.3112408136371773e+18
28,2020-09-03 18:26:48,LenovoLegion,"Lenovo Legion x @PlayApex
Now is your chance to rise above the rest. 
Unmatched performance, purposeful engineering, modern design.
Gear up with a machine as savage as you are.
Stylish outside.
Savage inside.",1.301587465258578e+18
29,2020-09-30 09:44:00,Haidji,"Book Quote: ""When the heart of one of them sped up..."" Click on  https://t.co/TTZXCIiyj4  #fairytale #reallove #heartbeat #quoteoftheday #quotes #kindleunlimited #bookquotes #read #ebook #ku  #paperback #amazon  #inspiration #haidji #goodreads #books #read #reading #Book https://t.co/IbqD6pPQ8B",1.3112403686383616e+18
30,2020-09-30 09:43:57,LulaCombs11,"The Tree of All Origins Puzzle - 1000 Pieces
Shop Now: https://t.co/bziR0id53y
Get 15% OFF With Code ""KMRA4U3B""

#puzzle #puzzles #Amazon https://t.co/CeVe7sonCx",1.3112403574101115e+18
31,2020-09-30 09:44:18,best_deals_US,"Grab before its gone!
Tipton Ultra Gun Jag, 30/32-Calibre

Offer price: $2.99 (17% OFF!)
Retail: $3.59

https://t.co/KKsIkU7CKn

#Amazon #deals #RT https://t.co/vY9O9cJS12",1.311240446677377e+18
32,2020-09-30 09:41:21,Mario_Moray,"#Amazon anuncia #Luna, un nuevo servicio de transmisión de videojuegos.
El servicio abraza los estándares del mercado impulsados por #XboxGamePass https://t.co/iU1sUBfsX4 https://t.co/m0UH35IgK8",1.311239705053274e+18
33,2020-09-30 09:41:19,rakten_kaden_,"09/30 18:41

【予約10/16出荷】フジ医療器 フットマッサージ
【楽天】46700円
【Amazon】49900円

★楽天で購入すると★
 3200円 お得（お得率7％）

↓お得な情報を一覧で確認出来るサイト
https://t.co/kMQYxgL6Rh

#楽天市場 #Amazon #お得 #せどり https://t.co/hVDwYIxkpW",1.3112396941395763e+18
34,2020-09-30 09:41:42,marylui27,22 Hidden #Amazon Gem stones That Glance Approach Extra Than $20  #mypressnews #myhealthfunda #styleupnow #magplanet.com https://t.co/CKH72wfpdE #affordable #affordablefashion #core #fashiontrends #whowhatwear,1.311239789333676e+18
35,2020-09-30 09:41:31,chollosyoferta,"#Chollo #Amazon 63% DESCUENTO Asus   4.7129005988e+012

Precio oferta: 743,2
Reacondicionado: 269,77

    👇👇👇👇👇👇👇
👉 https://t.co/FYCCeRd9qY https://t.co/bJC2Uhv5qe",1.3112397429153137e+18
36,2020-09-30 09:43:30,chollosyoferta,"#Chollo #Amazon 59% DESCUENTO Hauck Sleep N Play Center 3   Cuna de viaje 7p

Precio original: 120,99
Precio oferta: 83,0
Reacondicionado: 48,51

    👇👇👇👇👇👇👇
👉 https://t.co/hWNwJy8nn1 https://t.co/YS0g8zjqaN",1.3112402458962493e+18
37,2020-09-30 09:45:23,DgThor,@AmazonHelp Why cheat customers ? #Amazon,1.3112407200412221e+18
38,2020-09-30 09:38:37,NeonSoul87,Horrible ! #shooting #Amazon https://t.co/mm6kfS0a4V,1.3112390130726625e+18
39,2020-09-30 09:45:05,psychologybook1,Books on psychology and persuasion https://t.co/T6WfHhzKnR #psychology #amazon,1.3112406427067802e+18
40,2020-09-30 09:43:41,chollosyoferta,"#Chollo #Amazon 30% DESCUENTO Huawei Mate 20 Lite   Smartphone Dual SIM de 6.3"" Full HD (Kirin 710, 4 GB de RAM, 64 GB de memoria interna, cámara dual de 24 + 2 MP) azul

Precio oferta: 163,84
Reacondicionado: 113,93

    👇👇👇👇👇👇👇
👉 https://t.co/DEGU42APAM https://t.co/RporKjEoD4",1.3112402898399724e+18
41,2020-09-30 09:45:07,gaoqiaomeizhi,"レビュー募集
希望の方はDMください
#レビュー募集 #レビューアー #レビュー #アマゾンレビュー #無料商品 #無料情報 #無料Amazon #無料 #amazonレビュー募集 #Amazonレビュー #アマゾン #amazonレビュー #Amazon #懸賞 #セラー #フォロー https://t.co/i088qAxi3i",1.311240649190994e+18
42,2020-09-30 09:39:06,hayachikara,"東急不動産だまし売り裁判購入編   Hayashida Riki 
悪徳不動産業者の詐欺的商法にみすみす引き込まれていく愚かな自分の姿を描くことは恥ずかしいものであるが、他山の石として役立てていただければ幸いである。
https://t.co/CSvFcj6Z3E @amazonJPより 
#林田力 #Amazon #Kindle #アマゾン #キンドル",1.3112391382726574e+18
43,2020-09-30 09:45:01,hilton_philip,"@FatboySlim @CampBestival To #FatboySlim I used to live in #Brighton 91 kemp town,when I was a #sterns #interdance @InterdanceStern #raver I was there every week 90/91/92+ I went to #ZappClub 3x lol
I am a #rave #yogateacher now
In #book #TheRaverStoriesProject on #amazon 
Play love can't turn around X https://t.co/cVqyHFCans",1.311240625363198e+18
44,2020-09-30 09:46:29,hispachollos,"🌀 YI Cámara Vigilancia, Cámara IP Wifi 1080p Sistema de Seguridad de Full HD, Detección de Movimiento, Visión Nocturna, Audio de 2 Vias y Nube con App para iOs y Android (Blanco). #Amazon 🇪🇸

🕘 PRECIO FLASH: 21,24€

💶 Precio oferta:  ...
https://t.co/PO9NudqI6u
#chollo",1.3112409943361905e+18
45,2020-09-30 09:43:39,StefanRaven3,"Das vom #Amazon zur Verfügung gestellte Foto zeigt einen #Lieferroboter, der auf dem Gehweg fährt. Amazon testet kleine Lieferroboter, in einem ersten Schritt sind nach Angaben von Amazon sechs Fahrzeuge in der Nähe von #Seattle unterwegs. https://t.co/0NEa4YSTCS",1.3112402821518254e+18
46,2020-09-30 09:46:19,rakten_kaden_,"09/30 18:46

日立　HITACHI コードレススチームアイロン 
【楽天】5390円
【Amazon】5391円

★楽天で購入すると★
 1円 お得（お得率0％）

↓お得な情報を一覧で確認出来るサイト
https://t.co/kMQYxgL6Rh

#楽天市場 #Amazon #お得 #せどり https://t.co/qZow0qccKs",1.3112409539617505e+18
47,2020-09-30 09:40:05,YUYAGV95zQdCHHi,"はてなブログに投稿しました #はてなブログ #Amazon #楽天ブックス #音楽 #発売情報 #JUJU #おすすめの曲 #お買い得商品 #奏 
JUJUのニューシングル発売 - y-blog’s room
https://t.co/26EFcFdhLg",1.3112393826748006e+18
48,2020-09-30 09:45:13,app_xndr,"GTA IV Cheats app for #kindle #Fire and #FireHD https://t.co/cOuOdThNxK #Amazon . September 30, 2020 at 10:45AM",1.3112406741345894e+18
49,2020-09-30 09:40:48,NozzlerFR,"https://t.co/5WB5qcSgv3
🔴🔴COUPON -7€ AMAZON !🔴🔴
⏱17,99€ le kilo de PLA Geeetech !⏱
#filament3D #filamentPLA #filamentGeeetech #geeetech3D #pla #imprimante3d #impression3d #3Dprint #3DPLA #amazon #coupon #codepromo #nozzler #nozzlerFR #maker #makers #make",1.311239565953446e+18
,date,screen_name,tweet,tweet_id
0,2020-09-30 09:33:47,hispachollos,"AUKEY Cargador de Coche 36W, Cargador de Coche USB de Doble Puerto PD para iPhone 11 Pro MAX XS XR X 8, AirPods, iPad Pro, Samsung S9 Note 10, Huawei, Xiaomi y Nintendo Switch  #Amazon 🇪🇸

⚡ Precio con Cupón: 8,8€

🎯 Código cupón: XQ ...
https://t.co/NjeZFVC0G7
#chollo",1.3112378007554335e+18
1,2020-09-30 09:35:42,elsuperchollo,"💥 Corre que vuelan 🏃‍♂️🏃‍♂️ #Amazon 

Rovina Clean Sheen, Zapatillas para Mujer 

📢 Mega descuento del 59% 

💵 Precio desde 28,48 EUR

🔰 Enlace: https://t.co/v5G1jYb2os 

🌐 https://t.co/vz06U8gP6C https://t.co/80IT1MOsW7",1.3112382799630705e+18
2,2020-09-30 09:35:00,kana_ogawa,"【カクテル】ベスト10
カクテルシェーカー 18点セット カクテル シェイカー バーテンダー セット カクテルセットバーテンダー 最高ツール ステンレス製 カクテルセット 業務用750ml/550ml/350ml (550ml)
https://t.co/eESA0Nm6JX #Amazon",1.3112381068220047e+18
3,2020-09-30 09:36:44,elsuperchollo,"⏱ No lo dejes escapar ⏱ #Amazon 

Woods W, Zapatillas para Mujer 

✅ Descuentazo del 30% 

💵 Precio desde 41,95 EUR (Amazon Prime)

🔰 Enlace: https://t.co/3yqPpltWit 

🌐 https://t.co/tiFRtkUxhT https://t.co/uINUcXsS00",1.31123854257263e+18
4,2020-09-30 09:35:04,JARios_autor,"AUTORES INDIE A.B.
LA LEYENDA JURADO de la autora independiente
GEMA TACÓN. 
@GemaTacon
#Amazon  https://t.co/O12AsgqHxO
Participante en #Premioliterarioamazon2020 
@MagdaDJG
@ADVANCEBOOKS777
@JARios_autor https://t.co/IttFoYDjhj",1.311238123133821e+18
5,2020-09-30 09:35:48,kana_ogawa,"【カクテル】ベスト10
CASUAL PRODUCT NEWスタンダード カクテルシェーカー350mL 027222
https://t.co/nNBTRkKpsp #Amazon",1.311238304243708e+18
6,2020-09-30 09:32:45,XperienceDope,"Blasting Luniz - I Got 5 On It right now on Pretty Dope Xperience Radio aka #BlackPandora

listen now and catch a wave!! https://t.co/VqKFopeoex  #nowplaying #np #RT  #NowStreaming #Streema Download Now #Alexa #GooglePlay #iOSAppStore #Amazon #",1.3112375369378488e+18
7,2020-09-30 09:36:10,lipstick_ai,"#anan 2129号
#ステラ 表紙、中綴じなど、共に北斗くん素敵すぎて価格を上回る内容に！
ananは発狂物です。
2冊買いありです！
#Amazon に在庫まだあります。
まだ手元にない #松村北斗 担の方はお早めに！
 #SixTONES",1.3112383997480468e+18
8,2020-09-30 09:34:30,TechfellowUK,"Forget strapping a handgun to a Ring drone... the British Army has developed an AI shotgun drone for indoor use... https://t.co/XdK9JuE2u2 

#AI #Drone #Amazon #machinelearning #weaponiseddrone #autonomousweaponssystems #UAV #unmannedvehicle",1.3112379806448763e+18
9,2020-09-30 09:36:03,redundantuk,"@NuU_Nutrition Could you please be more vocal about the benefits #vitaminD #Amazon have removed the higher doses?!!Why would they do this, especially now @amazon  Explain yourselves! #COVID19 https://t.co/S21Klem9yG",1.3112383671164355e+18
10,2020-09-30 09:33:32,hispachollos,"CooSpo Ordenador de Ciclismo - GPS Inalámbrico para Bicicleta - Velocímetro - Rastreador de Ciclismo - Resistente al Agua - 2.4 Pulgadas con Bluetooth y Ant   #Amazon 🇪🇸

⚡ Precio con Cupón: 52,49€

🎯 Código cupón: CW7YTHVG

❌ Precio ...
https://t.co/zM3q8d9mDG
#chollo",1.311237736653828e+18
11,2020-09-30 09:38:18,Rhathirmani,@JeffBezos Amazon India is cheating customers by selling faulty iphone11 pro and claims no responsibility. Really disappointed with #amazon #appleindia,1.3112389334647685e+18
12,2020-09-30 09:35:11,kana_ogawa,"【カクテル】ベスト10
カクテル完全バイブル
https://t.co/449ypXQmYR #Amazon",1.3112381509251564e+18
13,2020-09-30 09:35:09,ByteFunding,#amazon starts offering virtual classes and sightseeing tours via new Explore platform https://t.co/HYZW5W7soT,1.3112381444660797e+18
14,2020-09-30 09:35:06,kana_ogawa,"【カクテル】ベスト10
カクテル (字幕版)
https://t.co/jxncCtEXmd #Amazon",1.311238128787546e+18
15,2020-09-30 09:35:35,creativemm12,"👉https://t.co/RM4gh2wNAN #amazon👈
💯👉Auto Follower👈💯
💯👉#自動相互フォロー👈💯

#TFW
#Astros
#Eric #Trump
#National #Coffee #Day
#FollowBack
#TFW
#拡散希望RTお願いします
#相互RT
#相互リツイート
#followermachine
#autofollower
#500ADay",1.311238249839358e+18
16,2020-09-30 09:34:44,elsuperchollo,"A por ello 🏃 #Amazon 

HP 27FW - Monitor Full HD de 27"" (1920 x 1080, panel IPS LED, 16:9, HDMI 1.4, 5 ms, 60 H... 

⚡️ Super descuento ⚡️ 30% 

💵 Precio desde 187,00 EUR (Amazon Prime)

🔰 Enlace: https://t.co/TznV2PWZM4 

🌐 https://t.co/o22KUItXBK https://t.co/nFeclcNqr3",1.311238038408827e+18
17,2020-09-30 09:36:48,kimura_books,ネットワークを学びたい方に超オススメ。すごく楽しく学べる本です。'Head Firstネットワーク ―頭とからだで覚えるネットワークの基本' https://t.co/aUG1tkTwRH #books #amazon,1.31123855670306e+18
18,2020-09-30 09:34:13,dmtoft,"@AuthorDCGambel Thank you, DC. Have a great day.

Suicide bombers have become a renewable resource, but who is buying their souls, and why?

A roller coaster ride of a book. Well-written and full of twists. – #Amazon review

UK https://t.co/ejuuEmLbC3

USA https://t.co/r1xs4c5nMh",1.3112379063385866e+18
19,2020-09-30 09:37:32,wes_log,"勘違いしている人からの連絡が多いのですが
私は「セラー」さん、「仲介」さんではありません。
#レビュー不要
#レビュー
#レビュー募集
#無料商品
#Amazon
#アマゾンレビュー募集
#アマゾンレビュー
#Amazonレビュー募集
#アマゾン
#レビューアー
#Amazonレビュー
#Amazonレビュー募集",1.3112387443771924e+18
20,2020-09-30 09:37:15,CoolDealCA,"Get #Business only pricing 📉 at #Amazon
https://t.co/1KxcShCdc5 https://t.co/puQx1gkYVp",1.3112386730993582e+18
21,2020-09-30 09:35:12,OfertacularRL,"‼️MINI PRECIO‼️ 👁‍🗨 #Ofertacular #Amazon #chollo #oferta #ganga

⚫️ Baby Dove - Gel de Baño Hidratación Profunda para Bebés - 400 ml

🛒: ➡️ https://t.co/YdrDuaYGxR ⬅️ https://t.co/Sp4eb7zVSE",1.3112381536222208e+18
22,2020-09-30 09:35:42,kana_ogawa,"【カクテル】ベスト10
銀座のバーが教える 厳選カクテル図鑑
https://t.co/kDzlsKYz7Q #Amazon",1.3112382823746478e+18
23,2020-09-30 09:32:36,elsuperchollo,"Rebajado ⏬⏬ #Amazon 

adidas - Tiro19 TR JSY T-Shirt, Hombre 

Descuentazo de locos 69% 

💵 Precio desde 12,25 EUR

🔰 Enlace: https://t.co/Gu3EzxBjzn 

🌐 https://t.co/RQgv6bLp0M https://t.co/HbTDuojJtx",1.3112375022551982e+18
24,2020-09-30 09:37:15,CoolDealCA,"Get those Amazon purchases 🎁shipped faster for free 
One month #free #Amazon Prime trial
6 month 👀 free for students
click for details
https://t.co/vkCEWOmxOz https://t.co/uuZj9abHP2",1.3112386697019843e+18
25,2020-09-30 09:33:37,girukemo,台湾行ったらこれ食べよう! 甘味編: 地元っ子、旅のリピーターに聞きました。 https://t.co/NYeWxzFREe #Amazon,1.3112377559139082e+18
26,2020-09-30 09:35:21,kana_ogawa,"【カクテル】ベスト10
GWHOLE カクテルシェーカー 本格的なカクテルセット11点 メジャーカップ バーセットバーテンダーセットミルクティー手作り 晩酌 宅飲み ジントニック ハイボール 業務用 自家製 750ml
https://t.co/VBT1rpBxGn #Amazon",1.3112381947220828e+18
27,2020-09-30 09:37:33,MaxiChollo,"‍SUPER PRECIO ❗️🔸 #Amazon | #Informática
📣AmazonBasics - Funda para tablet, 25,4 cm, color azul marino

 ✅PRECIO OFERTA: 6,66€ 

   ⤵️ Link de compra
   🌐 https://t.co/COkLQtcoza

Visto en https://t.co/HGTfnxg2wd https://t.co/YZZlRvDgpq",1.3112387460508836e+18
28,2020-09-30 09:35:15,GratisCasi,"⁠ MINI PRECIO #Amazon

Baby Dove - Gel de Baño Hidratación Profunda para Bebés - 400 ml

AHORA 2.75€
Antes 2.99€ (- 0.24€)

: https://t.co/e98lR7gXWC

Más chollos en OFERTACULAR
https://t.co/1aLHIgE0D3 https://t.co/vPj3OTqzed",1.3112381672829747e+18
29,2020-09-30 09:37:28,CholloLinkES,"‍SUPER PRECIO ❗️🔸 #Amazon | #Informática
📣AmazonBasics - Funda para tablet, 25,4 cm, color azul marino

 ✅PRECIO OFERTA: 6,66€ 

   ⤵️ Link de compra
   🌐 https://t.co/vTDAFYitPp

Visto en https://t.co/JpQzg3pNYP https://t.co/w3jxJ8M5l6",1.3112387240768676e+18
30,2020-09-30 09:35:16,kana_ogawa,"【カクテル】ベスト10
カクテルシェーカー 750ml 18点セットカクテル シェイカー カクテルセットバーテンダー セットステンレス鋼製 風味を引き出し防錆 ミキシング バーセット多用性 お酒 業務用 自家製
https://t.co/lUrEnu08O0 #Amazon",1.3112381728025723e+18
31,2020-09-30 09:33:23,gucci_00316,"買ってみた(*´∀｀*)
ほんとに届くと思う？？
#Amazon https://t.co/9OQVO7IO6c",1.3112376969295053e+18
32,2020-09-30 09:36:02,NozzlerFR,"https://t.co/FsS3J4MrNE
🔴🔴VENTE FLASH AMAZON !🔴🔴
⏱18,99€ seulement le masque de protection NASUM !!⏱
#masquedeprotection #masque #nasum #filtre #nozzler #nozzlerFR #maker #makers #make #makes #venteflash #amazon #discount #promo",1.3112383635596247e+18
33,2020-09-30 09:35:32,kana_ogawa,"【カクテル】ベスト10
CASUAL PRODUCT NEWスタンダードメジャーカップ S 027239
https://t.co/Umn6v1zWzp #Amazon",1.3112382386616115e+18
34,2020-09-30 09:37:43,Nakman27,"僕、Amazonから手紙きて、開封前にTwitterで検索するぐらいには疑い深いです（笑）

Amazon Music Unlimitedへ今ならキャンペーンでお得なので入りませんかということでしたが、入りません(`ω´)ｷﾘｯ

デジタルの時代に封書とかやめてくれ。
処分すら手間。
#Amazon",1.3112387873562132e+18
35,2020-09-30 09:36:50,XperienceDope,"Blasting Wash Ft. Too Short - Things We Can Do (CDQ) right now on Pretty Dope Xperience Radio aka #BlackPandora

listen now and catch a wave!! https://t.co/VqKFopeoex  #nowplaying #np #RT  #NowStreaming #Streema Download Now #Alexa #GooglePlay #iOSAppStore #Amazon #",1.3112385656958362e+18
36,2020-09-30 09:34:39,realmethod41,Big Tech Versus Big #Politics | Structural solutions and shortcuts are available to ... https://t.co/TbO8rPO10o #Amazon #Apple #ElizabethWarren #Evolution #Facebook #Google #Government #HouseJudiciaryCommittee #Money #Nature #Policy #Politicians #SiliconValley #SocialMedia https://t.co/y3QChEW37t,1.3112380163510395e+18
37,2020-09-30 09:33:11,Bluebelldigital,"Ecommerce is now way pasta joke in Italy, as #Amazon dominates for widespread online shopping adoption during the #covid19 pandemic.

https://t.co/xXgcUU8h1s",1.3112376463169823e+18
38,2020-09-30 09:36:00,shige10061,"SF映画術 ジェームズ・キャメロンと6人の巨匠が語るサイエンス・フィクション創作講座 https://t.co/QeucLICZIP #Amazon

これも欲しい。",1.3112383567061074e+18
39,2020-09-30 09:35:37,kana_ogawa,"【カクテル】ベスト10
Homestia カクテルシェーカー メジャーカップセット ステンレス鋼 550ml
https://t.co/cHop1RYdrw #Amazon",1.3112382604887695e+18
40,2020-09-30 09:35:08,CoolDealCA,"G20 Compact #Gaming Keyboard for $14.99 🔥

Logitech M330 Silent Plus Wireless Mouse for $14.99!!

#freebies #deals #deal #moneysaver #greatdeal #steals #discount #sale #bargain #bargainshopper #bestprice #Amazon  #Deals #giveaway #Deal #ganga

 https://t.co/FRWVl1u6Kj https://t.co/G64qC8PPUu",1.3112381395377562e+18
41,2020-09-30 09:33:48,FinservMARKETS,Only Few Hours left! Participate now &amp; stand a chance to win #Amazon Voucher :) https://t.co/CflW52RbK4,1.3112378041735823e+18
42,2020-09-30 09:33:31,elsuperchollo,"💥 Corre que vuelan 🏃‍♂️🏃‍♂️ #Amazon 

adidas - Wallet Negro 

⬇⬇⬇ Bajón del 37% 

💵 Precio desde 7,16 EUR

🔰 Enlace: https://t.co/zDGsXe3GoG 

🌐 https://t.co/m66U7gZvUR https://t.co/7SnTdelGTn",1.3112377317087887e+18
43,2020-09-30 09:35:27,kana_ogawa,"【カクテル】ベスト10
【https://t.co/u4EfhPUCmC限定】【ボトルカクテル】 スミノフアイス 4種類×2本 飲み比べセット[275ml×8本]
https://t.co/anxJYLsJAm #Amazon",1.3112382167463772e+18
44,2020-09-30 09:37:39,ChollosDescubre,"‍SUPER PRECIO ❗️🔸 #Amazon | #Informática
📣AmazonBasics - Funda para tablet, 25,4 cm, color azul marino

 ✅PRECIO OFERTA: 6,66€ 

   ⤵️ Link de compra
   🌐 https://t.co/CyNom9mo7p

Visto en https://t.co/HW2VwUc9d2 https://t.co/N247nhUViS",1.311238770742702e+18
45,2020-09-30 09:36:19,rakten_kaden_,"09/30 18:36

象印　ZOJIRUSHI　圧力IH炊飯ジャー　炎舞
【楽天】54549円
【Amazon】56603円

★楽天で購入すると★
 2054円 お得（お得率4％）

↓お得な情報を一覧で確認出来るサイト
https://t.co/kMQYxgL6Rh

#楽天市場 #Amazon #お得 #せどり https://t.co/GAuUzw1fUc",1.3112384344013128e+18
46,2020-09-30 09:33:53,mybabychoose,Graco Sense2Snooze Bassinet with Cry Detection Technology | Baby Bassinet Detects and Responds to Ba https://t.co/opKCjPyTxg #baby #parenting #family #usa #amazon #trending #fashion #babygirl #babyboy #gifts @amazon #holiday #blackfriday #thanksgiving #cybermonday https://t.co/GKtF4K7dSa,1.311237825975681e+18
47,2020-09-30 09:35:04,ADVANCEBOOKS777,"AUTORES INDIE A.B.
LA LEYENDA JURADO de la autora independiente
GEMA TACÓN. 
@GemaTacon
#Amazon  https://t.co/oTEKkhNA7w
Participante en #Premioliterarioamazon2020 
@MagdaDJG
@ADVANCEBOOKS777
@JARios_autor https://t.co/ATlsMpCumn",1.311238123356074e+18
48,2020-09-30 09:35:05,MagdaDJG,"AUTORES INDIE A.B.
LA LEYENDA JURADO de la autora independiente
GEMA TACÓN. 
@GemaTacon
#Amazon  https://t.co/fd9s0AyGls
Participante en #Premioliterarioamazon2020 
@MagdaDJG
@ADVANCEBOOKS777
@JARios_autor https://t.co/zw3O2lWv8n",1.3112381240524022e+18
49,2020-09-30 09:37:44,creativemm12,"👉https://t.co/KF3bPs9dj4  #amazon👈
💯👉Auto Follower👈💯
💯👉#自動相互フォロー👈💯

#拡散希望RTお願いします
#Bad #Bunny #Crocs
#Titans
#White #Sox
#1000ADay
#TeamFollowback
#フォロバ100パーセント
#TFB
#相互RT
#TFW
#bts
#seventeen",1.3112387924146012e+18
,date,screen_name,tweet,tweet_id
0,2020-09-30 09:30:20,Rooney97531833,"Earn some extra cash money or giftcards with paid online surveys. 
#cash #money #giftcards #paypal #visa #ebay #amazon #roblox #vbucks #online #surveys #extramoney #earnmoney #EarnMoneyOnline #makemoneyfromhome #makemoneyonline 
https://t.co/W1ifyAn9mm",1.3112369314354954e+18
1,2020-09-30 09:30:20,CybeOut,#Amazon introduce un modo contactless per identificarti o effettuare pagamenti con il palmo della mano https://t.co/orm8WhPg9c,1.3112369284996014e+18
2,2020-09-30 09:30:00,Autores_noveles,"🍿🍿🍿🍿🍿 Una protagonista loca de atar que te sacará más de una sonrisa.

Historia divertida con muchas risas garantizadas 🍿🍿🍿🍿🍿

Algo más que palomitas
https://t.co/sRoaL1EaBr 

@DublinetaE 
#Comedia 
#Premioliterarioamazon2020 
#PremioLiterario2020 
#Amazon https://t.co/vBT1oneeXy",1.3112368458423788e+18
3,2020-09-30 09:30:02,amazon_rankinQ,"【microSDカード】
SanDisk microSDXC 100MB/s 256GB Ultra サンディスク SDSQUAR-256G-GN...
￥3,890
https://t.co/eA9nrQW5Yf
#amazon",1.3112368552878326e+18
4,2020-09-30 09:30:27,yuki_nagase,"【チューハイ】ベスト10
【果汁とお酒だけ】キリン本搾りチューハイ グレープフルーツ [ 350ml×24本 ]
https://t.co/nrNzHeKpSC #Amazon",1.3112369589165015e+18
5,2020-09-30 09:30:19,tutiendademasc1,https://t.co/13j3wJnHki #amazon #mascarilla #spain #españa #covid,1.3112369259662172e+18
6,2020-09-30 09:29:50,HeasmanAuthor,"@bookpreneur Introducing my Full Catalogue of books - #CrimeFiction or #Memoir - #Paperback or #Kindle - Available through #Amazon ""everywhere.""
https://t.co/E6hGp1Qn4j 
UK Readers - https://t.co/zeSSbxTAAi
US Readers - https://t.co/ieM9VM9dUL
All #FREE at #KindleUnlimited and #AmazonPrime https://t.co/KQXVGtCIK6",1.3112368044824003e+18
7,2020-09-30 09:32:14,MICHELL64959353,The #adventures of Jasper and his Furry #friends #kindle #childrensbook #bedtimestory #dogs #doglover #mustread #picturebook #dogrescue #comical #infants #Amazon #storytime #animation #kindleunlimited #youngsters #school #teacher #Film #Retweetplease @Pinnacle_Films https://t.co/SlxCaRc7UI,1.3112374082986107e+18
8,2020-09-30 09:30:29,FaoMao,"三体 https://t.co/BGi9gg71lF #Amazon

#読んだ",1.311236968978686e+18
9,2020-09-30 09:30:49,elsuperchollo,"📌 Chollazo 💥💥 #Amazon 

adidas - Gazelle J, Zapatillas de Running Unisex Niños 

⚡️ Super descuento ⚡️ 30% 

💵 Precio desde 41,99 EUR (Amazon Prime)

🔰 Enlace: https://t.co/JqZFAhWJg8 

🌐 https://t.co/iCZQoPHFui https://t.co/4bNuPL06yZ",1.3112370539972977e+18
10,2020-09-30 09:31:11,MenudoPaquete,"🌟 [𝗠𝗲𝗻𝘂𝗱𝗼 𝗣𝗮𝗾𝘂𝗲𝘁𝗲] 🌟

🔊 Juego de utensilios de cocina, juego de 9 piezas de utensilios de cocina, silicona antiadherent #amazon

🌍 Enlace: https://t.co/9KQNcYCCyD

Te esperamos en telegram: https://t.co/IbEojfZpa4 https://t.co/jBTOYdGZaA",1.3112371450849976e+18
11,2020-09-30 09:31:44,wwwmanymerrycom,#am͜a͉zon ストア https://t.co/3UUNIdUpqN で、上品なカラーを揃えた #ニット をお買い得なプライスで数量限定販売中です。#スイスコットン #ピマコットン #イタリア糸 を使用した #上質ニット を是非この機会に…#セーター #編み物 #手編み #ニットカフェ #かぎ針 A,1.3112372808964342e+18
12,2020-09-30 09:29:35,chollosyoferta,"#Chollo #Amazon 72% DESCUENTO Skechers Women's Go Joy Walking Shoe, Black, 37 EU

Precio oferta: 136,12
Reacondicionado: 37,67

    👇👇👇👇👇👇👇
👉 https://t.co/QA7qpdKD85 https://t.co/wXZp8fpITO",1.3112367421507912e+18
13,2020-09-30 09:30:40,CoolDealCA,"💲💰
Tadpoles Deluxe Cable Knit Mos...
Reduced from $108.70 to $75.00

# #Deals #new #Deals #Amazon  #Deal #ganga

 https://t.co/YjOnPHVM9h https://t.co/FUMCIVHevO",1.3112370154768835e+18
14,2020-09-30 09:29:57,offerte_it,"#Manfrotto Befree Advanced Camo, Kit #Treppiede Advanced Travel, con Testa a Sfera con Controlli Ergonomici, Chiusure Twist Lock
#Amazon #amazonprime #fotografia

💰SCONTO DEL 30%     
💶RISPARMI € 57,85
❌DA € 192,85
✅A € 135,00

💥Vai all’offerta👇
https://t.co/NP0YxveL8s",1.3112368338299453e+18
15,2020-09-30 09:30:11,yuki_nagase,"【チューハイ】ベスト10
【https://t.co/UUDV4jHMPX限定】キリン 氷結&amp;本搾り 10種 飲み比べセット [ チューハイ 350ml×20本 ]
https://t.co/I1BzExmCzz #Amazon",1.3112368927597404e+18
16,2020-09-30 09:30:16,yuki_nagase,"【チューハイ】ベスト10
【2020年新発売】こだわり酒場のレモンサワー缶 キリッと男前 [ チューハイ 350ml×24本 ]
https://t.co/k3XO0mBU3y #Amazon",1.3112369148049777e+18
17,2020-09-30 09:31:12,chollosyoferta,"#Chollo #Amazon 64% DESCUENTO Melitta Caffeo Passione Libera installazione Automatica Macchina per espresso 1.2L Argento

Precio oferta: 477,67
Reacondicionado: 169,88

    👇👇👇👇👇👇👇
👉 https://t.co/I7LSigB8f9 https://t.co/7bJxAPBnuw",1.3112371473080238e+18
18,2020-09-30 09:30:22,yuki_nagase,"【チューハイ】ベスト10
檸檬堂 定番レモン 缶 [ チューハイ 350ml×24本 ]
https://t.co/UMtWYAmPyA #Amazon",1.3112369369550807e+18
19,2020-09-30 09:30:48,yuki_nagase,"【チューハイ】ベスト10
キリン 氷結ZERO シチリア産レモン [ チューハイ 350ml×24本 ]
https://t.co/c2ILKk7VMW #Amazon",1.3112370472485847e+18
20,2020-09-30 09:32:12,domadomad,"【PS3/Xbox】無双OROCHI 2 (初回限定特典:●●●＆●●●●&amp;●●の""サンタ""コスチューム同梱)https://t.co/R73TqdYp6J #amazon",1.311237399393964e+18
21,2020-09-03 18:26:48,LenovoLegion,"Lenovo Legion x @PlayApex
Now is your chance to rise above the rest. 
Unmatched performance, purposeful engineering, modern design.
Gear up with a machine as savage as you are.
Stylish outside.
Savage inside.",1.301587465258578e+18
22,2020-09-30 09:30:20,CoolDealCA,"Best Selling 18-Piece Glass Food Storage Containers for $26.99!!

#freebies #deals #deal #moneysaver #greatdeal #steals #discount #sale #bargain #bargainhunter #cheap #bestprice #Amazon  #Deals #giveaway #Deal #ganga

 https://t.co/PSfHXtUNj0 https://t.co/1mTc1EUP4N",1.3112369291119452e+18
23,2020-09-30 09:31:18,rakten_kaden_,"09/30 18:31

シャープ 除湿機 兼 加湿 空気清浄機 プラズマク
【楽天】54980円
【Amazon】58800円

★楽天で購入すると★
 3820円 お得（お得率7％）

↓お得な情報を一覧で確認出来るサイト
https://t.co/kMQYxgL6Rh

#楽天市場 #Amazon #お得 #せどり https://t.co/1HWkAZ6jeU",1.311237174449193e+18
24,2020-09-30 09:30:22,HeasmanAuthor,"@daveceptive Introducing my Full Catalogue of books - #CrimeFiction or #Memoir - #Paperback or #Kindle - Available through #Amazon ""everywhere.""
https://t.co/E6hGp1Qn4j 
UK Readers - https://t.co/zeSSbxTAAi
US Readers - https://t.co/ieM9VM9dUL
All #FREE at #KindleUnlimited and #AmazonPrime https://t.co/84n1sCSpQx",1.3112369408182723e+18
25,2020-09-30 09:30:32,yuki_nagase,"【チューハイ】ベスト10
キリン・ザ・ストロング レモンサワー [ チューハイ 350ml×24本 ]
https://t.co/wENpI0c4Ue #Amazon",1.3112369811044803e+18
26,2020-09-30 09:32:03,RealSimonKing,"""Jack Reacher meets Dexter Morgan...in a skirt."" The Sam Rader Thriller Series starts here.
https://t.co/qOrmRPEcxi
.
.
#thriller #jackreacher #amreading #serialkillerficton #fiction #Amazon #KindleUnlimited https://t.co/XL3wIjyOLI",1.3112373615445688e+18
27,2020-09-30 09:30:02,YabRock,Attack!! / #YngwieMalmsteen https://t.co/l1GX4V8jyy #HardRock #HeavyMetal #アマゾン #Amazon #AmazonJP,1.311236855455654e+18
28,2020-09-30 09:30:49,humanwatches,Men's Boltdown Chronograph watch https://t.co/JmyqgDgmMG #watches #clock #jewelry #trends #fashion #amazon #gifts #giftideas @amazon #holiday #blackfriday #thanksgiving #cybermonday https://t.co/0IPwrdpaCf,1.3112370507425096e+18
29,2020-09-30 09:32:06,HeasmanAuthor,"@bl98 @inspiredbylaban Introducing my Full Catalogue of books - #CrimeFiction or #Memoir - #Paperback or #Kindle - Available through #Amazon ""everywhere.""
https://t.co/E6hGp1Qn4j 
UK Readers - https://t.co/zeSSbxTAAi
US Readers - https://t.co/ieM9VM9dUL
All #FREE at #KindleUnlimited and #AmazonPrime https://t.co/q7LIVebNDl",1.3112373748616274e+18
30,2020-09-30 09:31:09,SolTaylorRdL,"LOS ÁRBOLES QUE OLVIDARON SUS NOMBRES @enriquelaso @merylaso 
Octava entrega de la saga del agente del FBI #EthanBush 
UN CASO ESCALOFRIANTE... 
#kindleunlimited ► https://t.co/VTB8LAWLDG  

#kindle #amazon #thriller #suspense #novelanegra #bestseller #horror #terror https://t.co/13frhXRf5t",1.3112371347377234e+18
31,2020-09-30 09:30:46,Puuu_k_05,"みちゃさんのデュオゲリラ❣️
本日23時より【みちゃさん】が主催される #デュオゲリラ が開催されます🍓

🗓9/30(水) 🕚23時START
💰1000 x P 【 or Ama】

#23時 #30日 #デュオゲリラ #デュオ #荒野行動 #ﾁｭﾝｶ #チュンカ #Amazon https://t.co/VZHhNpQ1uc",1.311237038188843e+18
32,2020-09-30 09:30:00,yuki_nagase,"【チューハイ】ベスト10
こだわり酒場のレモンサワー缶 350ml×24本 [ チューハイ ]
https://t.co/hc0yLWF1Vo #Amazon",1.3112368484972954e+18
33,2020-09-30 09:31:32,HeasmanAuthor,"@AuthorDCGambel Introducing my Full Catalogue of books - #CrimeFiction or #Memoir - #Paperback or #Kindle - Available through #Amazon ""everywhere.""
https://t.co/E6hGp1Qn4j 
UK Readers - https://t.co/zeSSbxTAAi
US Readers - https://t.co/ieM9VM9dUL
All #FREE at #KindleUnlimited and #AmazonPrime https://t.co/krqB7D7PZe",1.3112372307452682e+18
34,2020-09-30 09:31:53,dmtoft,"A Gift Of Butterflies – Book 1 of the Butterflies Trilogy

A gripping paranormal adventure.

“…wonderfully written story.” - #Amazon review.

UK - https://t.co/EagUTm466R

USA - https://t.co/fQO429wuSx

#amwriting #amreading #paranormal #fantasy",1.3112373208389837e+18
35,2020-09-30 09:29:42,kakicchysmusic6,https://t.co/MaMFRamliO: Rolling Sound...: kakicchysmusic: MP3 Downloads https://t.co/p4HpY5t17n #Amazon #Prime,1.3112367716492657e+18
36,2020-09-30 09:31:44,elsuperchollo,"Esto es la 💣 #Amazon 

adidas - Strngr Swim Top Parte Superior Bikini Mujer 

⚡️ Super descuento ⚡️ 69% 

💵 Precio desde 18,80 EUR

🔰 Enlace: https://t.co/ro7xk3OAvW 

🌐 https://t.co/AzErYNqvXn https://t.co/bQpJ2LoqEE",1.3112372848643727e+18
37,2020-09-30 09:29:41,alaa_express,Women's Fur Coat Windbreaker Winter Warm White Red Imitation Fox Fur Long Section V-collar Young Lady 👉https://t.co/kgwWuQmzZe👈 #dubai #usa #sales #offer #amazon #ebay #alixpress #fashion #style #saudi https://t.co/nRTxRSylWE,1.311236766704128e+18
38,2020-09-30 09:30:58,_technicalahmad,"Top 5 best gaming and 4K video editing laptop in India 2020 under Rs 80000

#gaminglaptops #laptops #Flipkart
#Amazon 
https://t.co/gaqZqYW3oT via @_TechnicalAhmad",1.3112370899006136e+18
39,2020-09-30 09:29:18,creativemm12,"&lt;Current Weather&gt;
Dallas
Temperature: 57.38°F/ Status: clear
👉https://t.co/NWDQNZKR34 #amazon👈
💯👉Auto Follower👈💯
💯👉#自動相互フォロー👈💯

#相互フォロー100
#Astros
#Eric #Trump
#Hillary #Clinton
#followergenerator
#TFW
#autofollower
#TeamFollowback",1.3112366699373855e+18
40,2020-09-30 09:30:56,HeasmanAuthor,"@inspiredbylaban Introducing my Full Catalogue of books - #CrimeFiction or #Memoir - #Paperback or #Kindle - Available through #Amazon ""everywhere.""
https://t.co/E6hGp1Qn4j 
UK Readers - https://t.co/zeSSbxTAAi
US Readers - https://t.co/ieM9VM9dUL
All #FREE at #KindleUnlimited and #AmazonPrime https://t.co/jhBXi30QN9",1.3112370810924564e+18
41,2020-09-30 09:30:43,yuki_nagase,"【チューハイ】ベスト10
【https://t.co/UUDV4jHMPX限定】キリン 本搾りチューハイ 20本入り 飲み比べセット[350ml×20本]
https://t.co/f2p4orIRWw #Amazon",1.3112370252871352e+18
42,2020-09-30 09:30:06,yuki_nagase,"【チューハイ】ベスト10
【https://t.co/UUDV4jHMPX限定】 ほろよい 10種類のみくらべ オリジナルセット [ チューハイ 350ml×20本 ]
https://t.co/YjafXyirxy #Amazon",1.311236870672511e+18
43,2020-09-30 09:30:37,yuki_nagase,"【チューハイ】ベスト10
サントリー-196℃ ストロングゼロ ダブルレモン [ チューハイ 350ml×24缶 ]
https://t.co/PlR1ROpSVB #Amazon",1.3112370032713114e+18
44,2020-09-30 09:30:34,TheInStockRoom,"***New Deal***
Tadpoles Deluxe Cable Knit Mos...
Reduced from $108.70 to $75.00
https://t.co/9wrxIKPoqe
#Deals #newDeals #Amazon https://t.co/ZPifFzM7F9",1.3112369910198723e+18
45,2020-09-30 09:31:09,OnlyGearBest,"🌟 [𝗢𝗻𝗹𝘆 𝗚𝗲𝗮𝗿𝗯𝗲𝘀𝘁] 🌟

🔊 Juego de utensilios de cocina, juego de 9 piezas de utensilios de cocina, silicona antiadherent #amazon

🌍 Enlace: https://t.co/O3asFzyTiz

Te esperamos en telegram: https://t.co/mPaN5u2fFj https://t.co/vYA5glBKyK",1.3112371372332524e+18
46,2020-09-30 09:31:10,reinadellowcost,"🌟 [𝗟𝗮 𝗿𝗲𝗶𝗻𝗮 𝗱𝗲𝗹 𝗟𝗼𝘄𝗰𝗼𝘀𝘁] 🌟

🔊 Juego de utensilios de cocina, juego de 9 piezas de utensilios de cocina, silicona antiadherent #amazon

🌍 Enlace: https://t.co/qnEOkfNeFG

Te esperamos en telegram: https://t.co/Jxndx9pJCJ https://t.co/yGGUCwHBjD",1.311237141037486e+18
47,2020-09-30 09:30:51,iMoGalore,"#AMAZON
Best Books of the Month: Science Fiction &amp; Fantasy
https://t.co/tOs5HHFzd4",1.3112370621552763e+18
48,2020-09-30 09:30:23,blackbizdaily,"Jeff Bezos' Amazon #leadership principles are a guideline on how to make a business work. 

Read below for a case study into how a man pushed a business for 20 years to be one of the largest companies in the USA. 

via @louislcarter @JeffBezos https://t.co/5660dc0Hez #Amazon https://t.co/OE80Z2yHkU",1.3112369444127662e+18
49,2020-09-30 09:31:38,jungle_kurobee,【ジャングルの常識PR】VCD ジャングル黒べえ ヴァイナルコレクティブルドールズ Special No.173 https://t.co/xzuT79zVyA #amazon   全高約170mm（本体）Fオリジナル限定商品! コミックテイストを忠実に再現!,1.3112372593376911e+18
,date,screen_name,tweet,tweet_id
0,2020-09-30 09:21:37,hispachollos,"🌀 APEMAN Cámara de Coche Dash CAM 1080P FHD DVR Pantalla LCD de 3 Pulgadas Gran Angular de 170 °, G-Sensor, WDR, Monitor de Aparcamiento, Grabación en Bucle, Detección de Movimiento. #Amazon 🇪🇸

🕘 PRECIO FLASH: 30,39€

💶 Precio ofert ...
https://t.co/5K5PgCxwo8
#chollo",1.3112347367870177e+18
1,2020-09-30 09:23:39,DeeMGroocock,A Prayer For The Broken https://t.co/vQwyA4rL0H #Amazon. Pre-order your copy of A Prayer For The Broken by ⁦@MTilburyAuthor⁩   The cover for this book is stunning.,1.3112352474099548e+18
2,2020-09-30 09:25:08,CoolDealCA,"10 Pack of Assorted Yankee Candles for $21!! 🕯 

#freebies #deals #deal #moneysaver #greatdeal #steals #discount #sale #bargain #bargainshopper #cheap #bestprice #Amazon  #Deals #giveaway #Deal #ganga

 https://t.co/jN1NBNFYut https://t.co/kPiJ3HaMT3",1.3112356233496084e+18
3,2020-09-30 09:28:56,chollosyoferta,"#Chollo #Amazon 63% DESCUENTO Nike Wmns Air MAX Graviton, Zapatillas de Running para Asfalto para Mujer, Multicolor (White/Barely Volt/Ghost Aqua 102), 38 EU

Precio oferta: 99,9
Reacondicionado: 36,26

    👇👇👇👇👇👇👇
👉 https://t.co/5cTQDpPHIu https://t.co/hhiWg61Ij9",1.311236578468135e+18
4,2020-09-30 09:27:00,Haidji,"Book Quote: ""The opposite of death isn't life.  It's birth."" Click on https://t.co/pf8geXF30R #life #death #birth #quoteoftheday #quotes #kindleunlimited #bookquotes #read #ebook #ku  #paperback #amazon  #inspiration #haidji   #goodreads #books #read #reading #BookBoost #book https://t.co/gEaFo50YYS",1.311236090670592e+18
5,2020-09-30 09:28:28,msantoshkumar,Amazon is getting into palm-reading — but it wants to sell you groceries rather than tell your fortune #amazon #tech #biometrics  https://t.co/ETPw9fRhtG,1.3112364596853924e+18
6,2020-09-30 09:24:24,lafvYvnOxwjpkCf,ベテルギフトで購入したアマゾンギフト券がAmazonから詐欺等の不正な方法によって入手されたギフト券と言われ、全額没収されました。ベテルギフトからも1円も返金されません。#ベテルギフト #beterugift #Amazon #Amazonギフト券,1.311235437822845e+18
7,2020-09-30 09:26:10,GranCube,"I immediately purchased a micro stock of Apple, amazon, TESLA &amp; Netflix.  I'm looking forward to seeing how much it goes up.  It's a great exchange.#Algorand #microstock #Apple #amazon #Tesla #Netflix #aspen_digital #Tezos🚀🚀🚀 #Bitcoin https://t.co/3TugjHNRbk",1.311235881026515e+18
8,2020-09-30 09:27:34,seika_hikaku,#コーヒーメーカー を安く買いたいなら #cotta #富澤商店 #楽天 #amazon https://t.co/PBFZE7UzyT,1.311236234690265e+18
9,2020-09-30 09:25:00,yourcooluncspo1,"Looking for a podcast that’s unapologetic about EVERYTHING? Get to know the thoughts, views, and opinions of Your Cool Uncs.

https://t.co/VUU9Pz6drv

#podcasts #podcasters #spotify #applepodcasts #podomatic #amazon #podernfamily #podsincolor #podnation #dopeblackpods https://t.co/3x7xlf2K8d",1.3112355869304955e+18
10,2020-09-30 09:29:05,HeasmanAuthor,"@IsabelaKnightly Introducing my Full Catalogue of books - #CrimeFiction or #Memoir - #Paperback or #Kindle - Available through #Amazon ""everywhere.""
https://t.co/E6hGp1Qn4j 
UK Readers - https://t.co/zeSSbxTAAi
US Readers - https://t.co/ieM9VM9dUL
All #FREE at #KindleUnlimited and #AmazonPrime https://t.co/uQJSL88AOH",1.311236613901615e+18
11,2020-09-30 09:28:23,amazonFassionSK,"進撃の巨人の調査兵団風マント☆ハロウィンにも、USJに行く時のアイテムとしても使えますね！

アマゾン↓↓
https://t.co/wzdIzlKDXx 

#USJ #進撃の巨人 #調査兵団 #アマゾン #amazon #コスプレ",1.3112364386382234e+18
12,2020-09-30 09:22:27,hispachollos,"🌀 Licuadoras Para Verduras y Frutas Velocidad, AICOK Licuadora Prensado Frio Extractor de Zumos Acero Inoxidable de Zumos Boca Ancha de 75MM, 3 Velocidades y Función Aanti-Goteo, Libre de BPA, 27000 RPM. #Amazon 🇪🇸

🕘 PRECIO FLASH: 3 ...
https://t.co/5nvtOgWPom
#chollo",1.311234947169112e+18
13,2020-09-30 09:28:29,makima_dc,"私はアマゾンで買ったけどどこでも良いと思う〜
いやマジで肩こりその他体の痛み抱えてる人はお試しの価値ありだわこのお値段で効果は安い

KOOLSEN フォームローラー 筋膜リリース グリッドフォームローラー ヨガポール トレーニング スポーツ フィットネス スト... https://t.co/mx9GQAB6Qw #Amazon",1.3112364646093824e+18
14,2020-09-30 09:28:38,HeasmanAuthor,"@AuthorStanleyC Introducing my Full Catalogue of books - #CrimeFiction or #Memoir - #Paperback or #Kindle - Available through #Amazon ""everywhere.""
https://t.co/E6hGp1Qn4j 
UK Readers - https://t.co/zeSSbxTAAi
US Readers - https://t.co/ieM9VM9dUL
All #FREE at #KindleUnlimited and #AmazonPrime https://t.co/mvdkkM8jUE",1.3112365031300424e+18
15,2020-09-30 09:24:09,meet_ghoghari,"https://t.co/zLgyXSwb53
RS.299 BUY NOW
#amazon #amazonprime #amazondeals #kindle #spotify #itunes #love #ebay #instagram #amazonfinds #youtube #bookstagram #usa #amazonfashion #ebook #fashion #flipkart #onlineshopping #kindleunlimited #amazonseller #ecommerce #books #amazonfba",1.3112353753403228e+18
16,2020-09-30 09:26:55,Eli_Krumova,&lt;p&gt;I gave +Kred to @johnwalters_sd on @Kred. #influence&lt;/p&gt;&lt;p&gt;#Software #Mobile #web #IoT #IoTPL #eCommerce #Amazon&amp;nbsp;&lt;/p&gt;,1.3112360715443732e+18
17,2020-09-30 09:24:29,sankushmedia,"₹1,125 crore
-
-
Follow SANKUSHMEDIA for more stuffs ↩
@sankushmedia
-
-
-
-
#amazon #amazonindia #onlinestore #store #ecommerce #retailcompany #sankushmedia https://t.co/bKsZNnpGGa",1.3112354569865626e+18
18,2020-09-30 09:28:07,HeasmanAuthor,"@Bloggingtek01 Introducing my Full Catalogue of books - #CrimeFiction or #Memoir - #Paperback or #Kindle - Available through #Amazon ""everywhere.""
https://t.co/E6hGp1Qn4j 
UK Readers - https://t.co/zeSSbxTAAi
US Readers - https://t.co/ieM9VM9dUL
All #FREE at #KindleUnlimited and #AmazonPrime https://t.co/LmArmn9JTN",1.3112363723474534e+18
19,2020-09-30 09:26:57,shige10061,"KING OF STAGE VOL. 14 47都道府県TOUR 2019(Blu-ray) https://t.co/ANiPtyTG7Z #Amazon

これ欲しい。",1.3112360802559427e+18
20,2020-09-30 09:26:37,BIGBOSSekimae,"【🚚Bigbossお茶の水駅前店は #Amazon にも出店しています🚚】
エレキギター、ベース、アコースティックギターはもちろん、アクセサリ、パーツなど豊富な商品ラインナップ展開中です😆
詳細はこちらからどうぞ!
👉https://t.co/DWoRP2A0PA

#ギター #ベース #エフェクター #アコギ #アマゾン https://t.co/uqV5dndj48",1.3112359947802255e+18
21,2020-09-30 09:23:22,Tetsuji_Miura,"AIC Recommendation Music Album 
From Q With Love (Reis) https://t.co/MqmxA0yCqy #Amazon",1.3112351765092393e+18
22,2020-09-30 09:22:08,gaoqiaomeizhi,"レビュー募集しています
応募方法：フォロー/RT/コメント

ご興味がございましたら、ご遠慮なくご連絡してください。🥰すぐに私に連絡してください
#アマゾンレビュー #アマゾン #amazon #レビューア #アマゾンレビュー募集 #レビュー #無料商品  #Amazonレビュー募集 https://t.co/cHLvzwXwWB",1.3112348683914936e+18
23,2020-09-30 09:26:36,mizutamaya__,"子供の頃、これ死ぬほどやりたかったから今度買おうかな

【くじ・台紙くじ】鈴当て すずあてりん 鈴当 100個付 https://t.co/BFDEAGQkr8 #Amazon",1.3112359921126482e+18
24,2020-09-30 09:22:38,HeasmanAuthor,"@RyanKrolAuthor Introducing my Full Catalogue of books - #CrimeFiction or #Memoir - #Paperback or #Kindle - Available through #Amazon ""everywhere.""
https://t.co/E6hGp1Qn4j 
UK Readers - https://t.co/zeSSbxTAAi
US Readers - https://t.co/ieM9VM9dUL
All #FREE at #KindleUnlimited and #AmazonPrime https://t.co/SZeQef2Xhw",1.3112349918761738e+18
25,2020-09-30 09:26:20,WebduniaTelugu,"#Amazon అమేజాన్, ఫ్లిఫ్‌కార్ట్‌లో 3లక్షల ఉద్యోగాలు #Flipkart #logistics #Jobs #festivesales https://t.co/YvyId3YXwn",1.311235925976912e+18
26,2020-09-30 09:27:41,Tejas99216221,"#AmazonQuiz 
,#Amazon 
#giveway 
I was never win any giveway but this time I guts feel https://t.co/2cRhg7U0iA",1.311236264780165e+18
27,2020-09-30 09:28:19,XperienceDope,"Blasting E-40 - Choices (YUP)  right now on Pretty Dope Xperience Radio aka #BlackPandora

listen now and catch a wave!! https://t.co/VqKFopeoex  #nowplaying #np #RT  #NowStreaming #Streema Download Now #Alexa #GooglePlay #iOSAppStore #Amazon #",1.3112364212110991e+18
28,2020-09-30 09:27:14,anthonygaulay,#Amazon 📦 permet désormais à ses clients de payer avec la paume de leur main dans deux de ses magasins Amazon Go aux 🇺🇸 https://t.co/3kDN4HviBf https://t.co/wiJ6AU5iKk,1.311236149466329e+18
29,2020-09-30 09:26:07,pepegomachan,"本日23:59締切です=͟͟͞͞ ♡︎

コンビニで買えるお好きなギフカ1500円分を3名様にプレゼント***-*

参加お待ちしています***-*

#プレゼント企画
#懸賞
#アマギフ
#Amazon
#iTunes
#GooglePray
#ニンテンドー
#楽天 https://t.co/vQxP9rgslB",1.3112358707841352e+18
30,2020-09-30 09:24:21,singhkarnal2,"""In this book I have captured The Special Cell officers’ journey investigating #bombblasts, tracing IM operatives to #BatlaHouse and encounter’s aftermath. The book is available on #Amazon &lt;https://t.co/vguIbhlHSr&gt;",1.3112354263009976e+18
31,2020-09-30 09:24:38,ASRKIRA,すみっコぐらし すみっコばたけをつくるんです BOX商品 1BOX=8個入り、全8種類 https://t.co/iLZ24YQOEQ #Amazon,1.3112354976881377e+18
32,2020-09-30 09:24:04,car_watch,Amazon、車内でアレクサが使える「Echo Auto」製品発表会 https://t.co/3FWkAtd1Pf #amazon #alexa #echoauto https://t.co/8MDwa60rGY,1.3112353524855276e+18
33,2020-09-30 09:26:41,janjaapomvlee,Amazon rolls out palm payment technology https://t.co/KsfIEMCnKR via @Finextra @amazon #payments #transactions #Amazon,1.3112360120231854e+18
34,2020-09-30 09:23:15,RichJonesJax,"Update from overnight: Woman dead, man hospitalized in shooting at #Amazon fulfillment center near JAX Airport. It was 2nd shooting at facility in 3 months: https://t.co/xl26bORyyE

@WOKVNews @ActionNewsJax @BethANJax https://t.co/91cZwMZv6I",1.311235147371606e+18
35,2020-09-30 09:26:41,coroyan1214,"人生で初めて販売書籍でレビュー付けてもらいました！
嬉しい✩～\(*˙︶˙*)/～✩励みになります(◍´꒳`)b
ありがとうございますm(._.)m

『突然変異~mutation~』https://t.co/WjffnxwLFw #Amazon",1.311236011385471e+18
36,2020-09-30 09:21:43,_mis_ter_e_,"Make #Superman LEGO portraits !!

#dccomics #HenryCavill #christopherreeve #batman #benaffleck #dcfandome #JusticeLeague #JusticeLeagueSnyderCut #JusticeLeagueTheSnyderCut #amazon #kindle #kindlebooks #kindleunlimited
https://t.co/wzwkCq8iGR",1.3112347639451075e+18
37,2020-09-30 09:23:29,RestauraUK,@Halcruttenden Hal leave the #Anger to me I’m older and I’m currently binge watching American cop shows on #Amazon I know what to do 😡😡😂😉😷,1.3112352061128417e+18
38,2020-09-30 09:22:23,creativemm12,"#日本サムスン の Samsung EVO Plus 128GB microSDXC UHS-I U3 100MB/s Full HD &amp; 4K UHD Nintendo Switch 動作確認済 MB-MC128GA/ECO 国内正規保証品
https://t.co/QBDv1S05iq
#相互リツイート
#미국구매대행
#amazon
#Titans
#David #Attenborough
#踩過界",1.3112349304755937e+18
39,2020-09-30 09:23:12,sudamas00074668,"🌟5のみ　文字不要😇レビュー募集
使い捨てマスク　50枚
PayPalで全額返金！
興味があれば、DMください
#レビュー募集 #レビューアー #レビュー #アマゾンレビュー #無料商品 #無料情報 #無料Amazon #無料 #amazonレビュー募集 #Amazonレビュー #アマゾン   #amazonレビュー #Amazon #セラー #フォ https://t.co/u9iftC3aZo",1.3112351365124342e+18
40,2020-09-30 09:24:45,NozzlerFR,"https://t.co/YP7diMR1CJ
🔴🔴DOUBLE COUPON AMAZON !!🔴🔴
⏱Coupon -10% + coupon nego = 8,99€ seulement le télémètre laser TECCPO !⏱
#coupon #codepromo #codereduction #amazon #nozzler #nozzlerFr #maker #makers #telemetre #laser #telemetrelaser #outil #outils #tool #tools",1.3112355271027425e+18
41,2020-09-30 09:26:47,nimoom0730,SF映画術 ジェームズ・キャメロンと6人の巨匠が語るサイエンス・フィクション創作講座 https://t.co/izvXKnLR6R #Amazon,1.3112360363793777e+18
42,2020-09-30 09:27:02,RiosTalks,"Here's what people are saying about Let's Talk after they start to dive into the book! Tap the link in our bio to hear what everyones talking about! 

#bookbuzz #new #special #ebook #amazon #booklaunch #artrios #letstalk #goodread #exciting #exceptional #bookwork #bestlife https://t.co/W2haLHkFbw",1.3112360992982671e+18
43,2020-09-30 09:26:18,rakten_kaden_,"09/30 18:26

パナソニック Panasonic ES-WF41-
【楽天】2619円
【Amazon】2644円

★楽天で購入すると★
 25円 お得（お得率1％）

↓お得な情報を一覧で確認出来るサイト
https://t.co/kMQYxgL6Rh

#楽天市場 #Amazon #お得 #せどり https://t.co/vxDrCYEwlw",1.3112359145389957e+18
44,2020-09-30 09:27:26,tyakityaki,世界を旅する癒しのまちがい探し (ブティック・ムック No. 1504) https://t.co/vAOlRJb8RH #Amazon,1.3112362020375634e+18
45,2020-09-30 09:23:22,HeasmanAuthor,"@zephyrzap Introducing my Full Catalogue of books - #CrimeFiction or #Memoir - #Paperback or #Kindle - Available through #Amazon ""everywhere.""
https://t.co/E6hGp1Qn4j 
UK Readers - https://t.co/zeSSbxTAAi
US Readers - https://t.co/ieM9VM9dUL
All #FREE at #KindleUnlimited and #AmazonPrime https://t.co/iqaC94eI4h",1.3112351774112113e+18
46,2020-09-30 09:25:28,tutiendademasc1,https://t.co/h4iJmPE53u #amazon #filtros #mascarillas #COVID19,1.3112357043164815e+18
47,2020-09-30 09:21:17,rakten_kaden_,"09/30 18:21

パナソニック　Panasonic F-YC120H
【楽天】57895円
【Amazon】59500円

★楽天で購入すると★
 1605円 お得（お得率3％）

↓お得な情報を一覧で確認出来るサイト
https://t.co/kMQYxgL6Rh

#楽天市場 #Amazon #お得 #せどり https://t.co/A5JTaEURF3",1.311234654620459e+18
48,2020-09-30 09:23:16,BenoitBerthelot,"La robotisation des entrepôts #Amazon a fait exploser les cadences... et les accidents du travail. Désormais 7,7 accidents graves pour 100 employés, selon les rapports internes des entrepôts américains obtenus par @reveal https://t.co/VsNrJmr2vA https://t.co/YpS7kNko1g",1.3112351508821443e+18
49,2020-09-30 09:21:43,XperienceDope,"Blasting SOB X RBE - Can't right now on Pretty Dope Xperience Radio aka #BlackPandora

listen now and catch a wave!! https://t.co/VqKFopeoex  #nowplaying #np #RT  #NowStreaming #Streema Download Now #Alexa #GooglePlay #iOSAppStore #Amazon #",1.3112347625944924e+18
,date,screen_name,tweet,tweet_id
0,2020-09-30 09:12:41,cholloofertas,"OFERTA FLASH  #Amazon

Blanqueamiento de dientes,Kit de Blanqueamiento Dental,Blanqueador Dental,1 Bandeja de Luz LED, Adaptadores para iPhone, Android y USB

 Llevate un 8% de descuento extra aplicando el cupón automático del vendedor

 Antes: 24,99€
 PRECIO OFERTA: 19,54€
… https://t.co/BR28RshfoJ",1.3112324899612017e+18
1,2020-09-30 09:20:34,breavehq,"@joerogan @amazon 

#article #news #blog #amazon #unbiased

https://t.co/PyLsfjqzUn",1.3112344722521457e+18
2,2020-09-30 09:18:56,AmazonxTshirts,"Available on #Amazon
10 colors All sizes
Order: https://t.co/hCbKqzZIak Left pointing backhand index",1.311234061139161e+18
3,2020-09-30 09:18:46,mihaelaVLC,"Last Chance! Would you like to win a $50 Amazon Gift Card or PayPal Deposit? Check out this easy entry Gleam giveaway for a chance to #WIN

Open Worldwide

@GooseGiveaways #wingiftcard #wincash #amazon #paypal #winmoney #sweepstakes #giveaways https://t.co/zgIRBeaTrG",1.3112340192758006e+18
4,2020-09-30 09:19:41,AmazonCoin_io,"AmazonCoin ⬇
$AMA ➡ $0,0177

👉👉 https://t.co/GydSZXKIno 🌿

#amazoncoin #amazon #nature #decentralized #green #cryptocurrencies #cryptocurrency #crypto #defi #dex #cryptonews #ethereum #ether #eth #blockchain #coin #token #ico #tokensale #startup #bitcoin  #btc $BTC $ETH https://t.co/iWZILyvBGU",1.311234249509548e+18
5,2020-09-30 09:17:23,ModetrendA,Parker https://t.co/KdNN0oEbiC #fashiondesigner #onlineshopping #handmade #womenswear #womeninbiz #businesswear #smallbiz #dresscode #fashionblogger #moda #trending #fashion #amazon @amazon #holiday #blackfriday #thanksgiving #cybermonday https://t.co/KAfjwG0QZ7,1.3112336697518572e+18
6,2020-09-30 09:16:35,carmenbloguer,"En #Amazon #Kindle #Ofertas El pequeño libro de los grandes inversores: Las mejores citas de los mejores inversores, de Albert Albareda, David Galán. https://t.co/fO4qIOT8RE #LibrosRecomendados https://t.co/lWaspFPh20",1.311233469817684e+18
7,2020-09-30 09:16:17,rakten_kaden_,"09/30 18:16

ポット 電気 電気ポット 3L IAHD-030-
【楽天】5680円
【Amazon】6180円

★楽天で購入すると★
 500円 お得（お得率9％）

↓お得な情報を一覧で確認出来るサイト
https://t.co/kMQYxgL6Rh

#楽天市場 #Amazon #お得 #せどり https://t.co/SMKnS776Yr",1.3112333946808156e+18
8,2020-09-30 09:15:13,app_xndr,"GTA IV Cheats app for #kindle #Fire and #FireHD https://t.co/cOuOdThNxK #Amazon September 30, 2020 at 10:15AM",1.311233127277355e+18
9,2020-09-30 09:20:00,Tarrako1162,"🔥CHOLLO! #Amazon | #Relojes

📢Diesel #Smartwatch Pantalla táctil para Hombre de Connected

   ❌ Antes: 349,00€
   🔥 PRECIO OFERTA: 209,00€🔥 -40%
   🔰 Enlace: https://t.co/9ZWY9riDdS https://t.co/IokljfNWdZ",1.3112343289620603e+18
10,2020-09-30 09:18:45,Designcreateall,汚れたアイデアやフォルマリズムに陥らないことだ。そうすれば無垢な美が見えてくる。（エンツォ・マーリ） #amazon #design #brand,1.3112340173881836e+18
11,2020-09-30 09:12:46,UnSimpleClic,"Avis aux abonnés Amazon Prime ! Les Prime Day auront lieu les 13 et 14 octobre prochains 🛒 #Amazon #AmazonPrime #PrimeDay #Promotions
👉 RDV sur @UnSimpleClic pour plus d'infos (liens Twitter toujours bloqués 😕) https://t.co/pQLStqklYf",1.3112325078415974e+18
12,2020-09-30 09:12:30,TheInStockRoom,"***New Deal***
Amazon Photos Video Storage Pl...
New price Buy 100GB, get 100GB free w/ Prime
https://t.co/vkKHSCYmb6
#Deals #newDeals #savings #Amazon https://t.co/t72RhEv3ms",1.3112324414876918e+18
13,2020-09-30 09:18:02,e3_bot,旅路の果てまでも！頭上に星々の輝きのあらんことを！【.ｈａｃｋ】https://t.co/f5wJ0qagxQ #amazon,1.311233834470445e+18
14,2020-09-30 09:15:03,Transalis,"What to look for when choosing a partner to connect to #Amazon #EDI for Vendor Central, Seller Central or Direct Fulfilment. #D2C #directtoconsumer #manufacturing

https://t.co/YzLK6Yg7kE",1.3112330824234148e+18
15,2020-09-30 09:20:28,Vaishal80063931,"Chance to win One Plus Nord by sitting home......just play the quiz and answer the questions correctly
#AmazonSpinandWin 
#Amazon 
#OnePlus https://t.co/URkNsfEQd9",1.3112344475644477e+18
16,2020-09-30 09:12:39,cholloofertas,"PRECIAZO  #Amazon

DYNASONIC (3.ª generación) - Altavoz Portátil Bluetooth | Lector USB y SD, Radio FM Incorporada y 2 Micrófonos, Batería Recargable (Modelo 12)

 Antes: 59,99€
 PRECIO OFERTA: 42,99€
 Ahorras: -17,00€ (28%)

     Enlace: https://t.co/CO7ftp7GFH

 Más en t.… https://t.co/CsI1Xegk2b",1.3112324785863107e+18
17,2020-09-30 09:18:52,mar_a_s,"ETERNOS 🥰💋🥳
Papel y #Kindle: https://t.co/2aqtytui7v
GRATIS en #KindleUnlimited #AMAZON https://t.co/kHGZPo15Fw",1.3112340436908564e+18
18,2020-09-30 09:18:07,FreebieDepot,►► HUGE TOY #Sale! AMAZING PRICES! ►► https://t.co/AmxuoEQNqt ►► #Amazon #Bargain #BargainHunter #BargainShopper #Clearance #Closeout #Coupons #DailyDeal #Dealoftheday #Deals #Save #Toys ►► @FreebieDepot https://t.co/FKSLT8AIRD,1.3112338567968645e+18
19,2020-09-30 09:12:53,nausherwan_eff,"The holy trinity of Players, Manager, Supporters plus OTT platforms. 
#Spurs #Amazon  https://t.co/REdkaX06Ru",1.3112325392904888e+18
20,2020-09-30 09:16:05,OnlyGearBest,"🌟 [𝗢𝗻𝗹𝘆 𝗚𝗲𝗮𝗿𝗯𝗲𝘀𝘁] 🌟

🔊 Remington Keratin Protect CI83V6, Rizador Barril de 19 - 28 mm, Cerámica Avanzada con Queratina #amazon

🌍 Enlace: https://t.co/wfy3eFt1Ai

Te esperamos en telegram: https://t.co/mPaN5u2fFj https://t.co/R0kxBtkLN2",1.3112333442151014e+18
21,2020-09-30 09:20:05,amazonfigure1,本日の #Amazon .co.jp ベストセラー: #ホビー #フィギュア の中で最も人気のある商品です https://t.co/OwDgtEqu4X,1.311234349442818e+18
22,2020-09-30 09:21:03,SolTaylorRdL,"🍹 ¡Un mojito, por favor! 🍹

Enlace 💗🇨🇺❤️ https://t.co/dKbFSOZnIM

#kindle #KindleUnlimited #romance #romantica #comedia #humor #amor #comediaromantica #leer #ebook #amazon https://t.co/RUJq5IkCfa",1.311234593014657e+18
23,2020-09-30 09:15:24,BluediamondsGS,"Bluediamonds Gift Shop https://t.co/vTyqd6dl0D: #amazon #gifts #handmade #jewellery #giftshop #accessories #fashion #giftideas #giftshop #jewelry #beauty #giftsforher #facecoverings #facemasks #earrings #giftsforhim #giftsforher 
https://t.co/OPXtNv4PyI https://t.co/im0eddCkGU",1.3112331711873556e+18
24,2020-09-30 09:16:06,reinadellowcost,"🌟 [𝗟𝗮 𝗿𝗲𝗶𝗻𝗮 𝗱𝗲𝗹 𝗟𝗼𝘄𝗰𝗼𝘀𝘁] 🌟

🔊 Remington Keratin Protect CI83V6, Rizador Barril de 19 - 28 mm, Cerámica Avanzada con Queratina #amazon

🌍 Enlace: https://t.co/9SQN8Hj5zG

Te esperamos en telegram: https://t.co/Jxndx9pJCJ https://t.co/2AS9UFWUv3",1.3112333485393838e+18
25,2020-09-03 18:26:48,LenovoLegion,"Lenovo Legion x @PlayApex
Now is your chance to rise above the rest. 
Unmatched performance, purposeful engineering, modern design.
Gear up with a machine as savage as you are.
Stylish outside.
Savage inside.",1.301587465258578e+18
26,2020-09-30 09:16:25,elsuperchollo,"💶 Super Barato 💶 #Amazon 

AOC E2270SWN - Monitor TN WLED de 21,5"" (1920 x 1080 Pixels, Full HD, VESA, 5 ms, VGA) 

Rebajón del 40% 

💵 Precio desde 76,99 EUR (Amazon Prime)

🔰 Enlace: https://t.co/f0wMJ3IUXc 

🌐 https://t.co/ESQTuSOo2U https://t.co/HIc37AnaLG",1.311233429300818e+18
27,2020-09-30 09:12:52,Rediscova1,"@michael_hows #ebay have definitely upgraded their image, perhaps to stay competitive with #Amazon? So far, we've certainly had a great experience selling on @eBay. 🤩",1.311232536698327e+18
28,2020-09-30 09:21:00,carmenbloguer,"Compradia, #Amazon #Ofertas: #Termómetro Digital Medición Precisa y Rápida https://t.co/uPdoEMfi1H https://t.co/s8cRcHnU1Z",1.3112345804317245e+18
29,2020-09-30 09:16:44,masaki_mizuno,昨日の夜21時ごろに注文して、今日の15時過ぎには配送完了(置き配)の通知が来た…怖いわ… #amazon #キャンプグッズ https://t.co/aDbtlwTnhr,1.3112335083716198e+18
30,2020-09-30 09:13:58,XperienceDope,"Blasting Sage The Gemini - I Can Tell right now on Pretty Dope Xperience Radio aka #BlackPandora

listen now and catch a wave!! https://t.co/VqKFopeoex  #nowplaying #np #RT  #NowStreaming #Streema Download Now #Alexa #GooglePlay #iOSAppStore #Amazon #",1.31123281000337e+18
31,2020-09-30 09:12:43,cholloofertas,"PRECIAZO  #Amazon

Ariel Active - Detergente líquido para la lavadora, adecuado para eliminar los malos olores, 160 lavados (4 x 40)

 Antes: 44,99€
 PRECIO OFERTA: 35,99€
 Ahorras: -9,00€ (20%)

     Enlace: https://t.co/ZsLs20Nv8G

 Más en https://t.co/nQjbdDXUA6 https://t.co/7NB1zN3y85",1.3112324989538673e+18
32,2020-09-30 09:19:01,BEST300BOT,マーラー／交響曲第１番《巨人》　【第１位】⇒https://t.co/qmhTKy1f3i #amazon #bot　【第３位】アバド指揮〈89〉⇒https://t.co/UyOakB8Bi8,1.3112340846354637e+18
33,2020-09-30 09:15:37,steveth93842211,Join me in asking @FP_Champagne not to reward the destruction of the #Amazon! 🔥🔥 Immediately halt the Canada-Mercosur free trade deal &gt;&gt; #ActForAmazon #ClimateAction @GreenpeaceCA https://t.co/Epkt1rRxO9,1.311233225071657e+18
34,2020-09-30 09:15:35,momoxpiyopiyo,"【ツイキャス】

プレゼント開封

【https://t.co/YxOxE8LxRg】

#ツイキャス #配信 #動画 #Amazon #プレゼント",1.3112332169723372e+18
35,2020-09-30 09:12:46,cholloofertas,"OFERTA FLASH  #Amazon

Jueachy Cinturón de Cintura para Mujeres Cinturón Transpirable Cintura Cuello Trimmer Faja Moldeadora Grasa de Grasa Quema para Adelgazar el Vientre para Perder Peso

 Antes: 16,99€
 PRECIO OFERTA: 12,74€
 Ahorras: -4,25€ (25%)

     Enlace: … https://t.co/5Q46bOSNtd",1.311232508068016e+18
36,2020-09-30 09:12:48,cholloofertas,"EL PRECIO MÁS BAJO  #Amazon

Epson Workforce WF 3720 DWF - Impresora Multifunción Color (Inyección de tinta, 4800 x 2400 ppp)

 Antes: 161,99€
 PRECIO OFERTA: 84,99€
 Ahorras: -77,00€ (47%)

     Enlace: https://t.co/99o56YTtFl

 Más en https://t.co/nQjbdDXUA6 https://t.co/oHWTzqBmsc",1.3112325171193897e+18
37,2020-09-30 09:19:37,gitaro9,"https://t.co/e7gplKeWJ3
#ibiza #electro #techno #club #テクノ #art #popart #芸術 #絵 #soundcloud #music #beatport #itunes   #絵画 #アート #写真 #photo #spotify #東京 #大阪 #福岡 #amazon  #Apple Music   #Google Play Music #RecMusic #AWA 
#LINE MUSIC #Amazon",1.311234235043205e+18
38,2020-09-30 09:19:16,Info_forever01,ビオレ スキンケア洗顔料 リッチモイスチャー https://t.co/d7uCYpCM4d　人気商品(〃∇〃) #amazon #beauty #beautiful #happy #life #cosme #bodycare #skincare #everyday,1.3112341443709092e+18
39,2020-09-30 09:20:00,elsuperchollo,"🔥 Preciazo ❗️❗️❗️ #Amazon 

Rush - Legging Mujer 

⬇⬇⬇ Bajón del 53% 

💵 Precio desde 32,66 EUR (Amazon Prime)

🔰 Enlace: https://t.co/dkegpr9E7c 

🌐 https://t.co/p5cDXGFAHo https://t.co/izO9cgpcBw",1.3112343305938125e+18
40,2020-09-30 09:16:15,Buch_Bestseller,Petronella Apfelmus: Zaubertricks und Maulwurfshügel. Band 8 von Sabine #Städing https://t.co/0zs2Dev7c8 hat sich seit 1h um 12 Plätze auf Platz 21 der #Amazon #Bestseller verbessert.,1.3112333871480422e+18
41,2020-09-30 09:17:41,AmazonxTshirts,"When? inshallah, Tuesday's Presidential Debate T-Shirt

Available on #Amazon
10 colors All sizes
Order: https://t.co/hCbKqzZIak 👈

 #Debates2020 trump #debates #Debate2020 biden #DebateTuesday green new deal #BidenHarris2020 #biden #Biden2020 https://t.co/vjJ367AauU",1.3112337458407547e+18
42,2020-09-30 09:17:36,elsuperchollo,"No lo hay más barato #Amazon 

Court Royale AC Canvas, Zapatillas para Mujer 

⚡️ Super descuento ⚡️ 30% 

💵 Precio desde 18,55 EUR

🔰 Enlace: https://t.co/jjf5BVeqck 

🌐 https://t.co/lLVrVlPn77 https://t.co/BkuP8b1auf",1.3112337278178304e+18
43,2020-09-30 09:15:17,re0_myaataro,"Amazonアソシエイトの審査基準が今年の3月に変わって合格までのハードルが高くなった。。
YouTubeも収益化の基準がどんどん高くなっていく。。
本当になんでもやるなら今が1番ハードル低い💪
もっと早くやってりゃなぁと常々思う今日この頃😅😅

#ブログ
#副業
#稼ぐ
#YouTube
#Amazon",1.3112331415294403e+18
44,2020-09-30 09:16:07,MenudoPaquete,"🌟 [𝗠𝗲𝗻𝘂𝗱𝗼 𝗣𝗮𝗾𝘂𝗲𝘁𝗲] 🌟

🔊 Remington Keratin Protect CI83V6, Rizador Barril de 19 - 28 mm, Cerámica Avanzada con Queratina #amazon

🌍 Enlace: https://t.co/kEQ8enu2WP

Te esperamos en telegram: https://t.co/IbEojfZpa4 https://t.co/CThjH7a7y5",1.3112333523856056e+18
45,2020-09-30 09:17:00,Tarrako1162,"🔥CHOLLO! #Amazon | #Ropa

📢REPLAY Anbass Vaqueros Slim para Hombre
TALLA 27W / 32L

Busca tu talla con grandes ofertas

   ❌ Antes: 159,00€
   🔥 PRECIO OFERTA: 34,58€🔥 -78%
   🔰 Enlace: https://t.co/5rXyu0iXnB https://t.co/Iadd4nkkAf",1.3112335740712755e+18
46,2020-09-30 09:12:33,darazu8,"🚀差額：5716円🚀

【メルメル】
　価格：14300円

【楽天】
　価格：9980円   
🔥実質：8584円🔥
✅SPU10倍
✅０と５ +2倍
✅エントリー ２倍
#せどり #電脳 #メルカリ #Amazon #買取
https://t.co/8TwqbMWKoK",1.3112324554083779e+18
47,2020-09-30 09:12:31,elsuperchollo,"No lo hay más barato #Amazon 

Under Armour - Rush Heatgear Compression SL - Tanque Hombre 

Descuentazooooo❗❗ 74% 

💵 Precio desde 12,83 EUR

🔰 Enlace: https://t.co/fmwcnY0CgU 

🌐 https://t.co/EjuUDaqqEu https://t.co/pvqYlTRdbX",1.3112324482153513e+18
48,2020-09-30 09:19:12,jockercyto,"Todas las novelas de Juan De Haro aquí -&gt; https://t.co/wETsIBwtSv

#Amazon #Kindle #suspenso #thriller #misterio #suspense #KindleUnlimited https://t.co/Qltbqjp4CQ",1.31123412784538e+18
49,2020-09-30 09:20:12,OfertacularRL,"🔴 OFERTA 🔴 👁‍🗨 #cholloshot #Amazon #chollo #oferta #ganga

⚫️ Atornillador Batería Black+Decker

🛒: ➡️ https://t.co/BSm15poVDN ⬅️

🟢 https://t.co/SdTO2TTDka https://t.co/pIkG7JfXio",1.3112343794155233e+18
,date,screen_name,tweet,tweet_id
0,2020-09-30 09:06:16,rakten_kaden_,"09/30 18:06

パナソニック ES-WR50-P(ピンク) フェリ
【楽天】3195円
【Amazon】3400円

★楽天で購入すると★
 205円 お得（お得率6％）

↓お得な情報を一覧で確認出来るサイト
https://t.co/kMQYxgL6Rh

#楽天市場 #Amazon #お得 #せどり https://t.co/6Djqy44vHC",1.3112308747094057e+18
1,2020-09-30 09:10:46,creativemm12,"👉https://t.co/bELsN783sM #amazon👈
💯👉Auto Follower👈💯
💯👉#自動相互フォロー👈💯

#FollowNGain
#Astros
#Eric #Trump
#National #Coffee #Day
#相互フォロー100
#TFW
#TeamFollowBack
#固定ツイートRT
#フォロバ100パーセント
#autofollower
#bts
#seventeen",1.3112320071547085e+18
2,2020-09-30 09:11:21,elsuperchollo,"Yo ❤ esta oferta #Amazon 

Under Armour - Qualifier Speedpocket Roadside Runway - Legging Mujer 

⬇⬇⬇ Bajón del 25% 

💵 Precio desde 20,27 EUR

🔰 Enlace: https://t.co/oyGmbepSKo 

🌐 https://t.co/hRVi3eqrKT https://t.co/Azxs1qHyCz",1.3112321533641155e+18
3,2020-09-30 09:08:01,meet_ghoghari,"https://t.co/7xhaUdNAJ9
RS.699 BUY NOW
#amazon #amazonprime #amazondeals #kindle #spotify #itunes #love #ebay #instagram #amazonfinds #youtube #bookstagram #usa #amazonfashion #ebook #fashion #flipkart #onlineshopping #kindleunlimited #amazonseller #ecommerce #books #amazonfbase",1.311231315077935e+18
4,2020-09-30 09:06:33,GallantNicolas1,#Amazon accusé de dissimuler l'ampleur des #accidents de travail dans ses entrepôts aux #EtatsUnis https://t.co/AVue98TdWp,1.3112309472626893e+18
5,2020-09-30 09:07:31,creativemm12,"👉https://t.co/JZ9kheWG1p #amazon👈
💯👉Auto Follower👈💯
💯👉#自動相互フォロー👈💯

#固定ツイートRT
#Bad #Bunny #Crocs
#Titans
#White #Sox
#1000ADay
#FollowNGain
#TeamFollowback
#相互フォロー100
#autofollower
#f4f
#FollowBack
#フォロバ100パーセント",1.311231187793322e+18
6,2020-09-30 09:05:16,kana_ogawa,"【アロマ】ベスト10
NAGOMI AROMA(ナゴミアロマ) NAGOMI AROMA エッセンシャルオイル お試しセット【AEAJ表示基準適合認定精油】 (リラックス)
https://t.co/zH0LXoNqDU #Amazon",1.3112306230427935e+18
7,2020-09-30 09:10:09,CoolDealCA,"LG 24-Inch LED-lit Monitor, Black for $99.99!! (Retail: $129.99)

#freebies #deals #deal #moneysaver #greatdeal #steals #discount #sale #bargain #bargainhunter #bargainshopper #cheap #bestprice #Amazon  #Deals #giveaway #Deal #ganga

 https://t.co/yUQQST2aQc https://t.co/l77a0bwQi2",1.3112318495036416e+18
8,2020-09-30 09:08:17,elsuperchollo,"🏆Descuento de campeonato🏆 #Amazon 

Speedcross 4 Zapatillas De Trail Running Para Hombre 

Descuento ⭐️⭐️⭐️⭐️⭐️ 29% 

💵 Precio desde 85,64 EUR (Amazon Prime)

🔰 Enlace: https://t.co/ym9MOjNsOL 

🌐 https://t.co/l7X0MoKLE9 https://t.co/r66VeTkC5S",1.3112313794689393e+18
9,2020-09-30 09:05:52,mikasui_nogi,"【滝沢歌舞伎】
滝沢歌舞伎 ZERO

初回生産限定盤 

#滝沢歌舞伎 #snowman ＃amazon

https://t.co/chh0ST9jJH",1.311230775300223e+18
10,2020-09-30 09:05:07,AngelicWarsBook,A musical  #ChristianFantasy about #Angels on #Amazon  #Bible #Heaven  #IntotheMindofLucifer Prequel to #AngelicWarsFirstRebellion  #SpiritualWarfare  https://t.co/hf4pPyti3G RT https://t.co/i8bQ4im4TY,1.3112305866154066e+18
11,2020-09-30 09:06:16,elsuperchollo,"🏆Descuento de campeonato🏆 #Amazon 

Premium Essential Stretch Trunk 3 Pack - Black/White/Grey 

📢 Mega descuento del 45% 

💵 Precio desde 23,80 EUR

🔰 Enlace: https://t.co/zKh3c8akmK 

🌐 https://t.co/AsqpChXu3x https://t.co/I3QAzVbx6e",1.3112308734974812e+18
12,2020-09-30 09:09:36,darazu8,"🚀差額：9216円🚀

【メルメル】
　価格：17800円

【楽天】
　価格：9980円   
🔥実質：8584円🔥

✅SPU10倍
✅０と５ +2倍
✅エントリー ２倍

#せどり #電脳 #メルカリ #Amazon #買取
https://t.co/iMA6GD4HDS",1.3112317138722324e+18
13,2020-09-30 09:10:51,detikcom,"Canggih! Raksasa e-commerce Amazon mengumumkan telah membuat alat pemindai sistem pembayaran melalui telapak tangan. Seperti apa caranya? #Amazon 

via @detikfinance https://t.co/tDyUspsiRS",1.311232026574545e+18
14,2020-09-30 09:06:14,LogistikExpres1,"Unser Forschungs- und Entwicklungszentrum in Tübingen erhält Zuwachs: Amazon investiert in ein neues Team, das an autonomen Zustelltechnologien in Deutschland forscht.  #Amazon #Forschung #Software https://t.co/kBTs9dzBwm",1.3112308636534292e+18
15,2020-09-30 09:05:10,CoolDealCA,"Take care of that beard!!

4 Pack Beard Oil Set for $13.99!! (Retail: $25.99)

#freebies #deals #deal #moneysaver #greatdeal #steals #discount #sale #bargain #bargainhunter #bargainshopper #cheap #bestprice #Amazon  #Deals #giveaway #Deal #ganga

 https://t.co/i8kmOWLRFj https://t.co/DiH0IVTOrr",1.3112305984391537e+18
16,2020-09-30 09:05:25,chollosyoferta,"#Chollo #Amazon 71% DESCUENTO Havaianas Brasil Logo Zehentrenner Unisex Erwachsene, Multicolor (Red), 39/40 EU

Precio original: 23,9
Precio oferta: 16,73
Reacondicionado: 6,82

    👇👇👇👇👇👇👇
👉 https://t.co/lyqTwzGQv7 https://t.co/eaeJr2YzE7",1.3112306593907794e+18
17,2020-09-30 09:08:18,waribikisale48,"毎日クーポン配布中★

商品により更なる値引きも可能です！

詳細はツイッターからメッセージ
もしくはこちらまで
https://t.co/fieXNRNw6f

#セール #送料無料 #特価 #安い #格安 #通販 #楽天 #Amazon",1.3112313868549366e+18
18,2020-09-30 09:05:40,norisknoyatsu,"この記事のまとめ

・ポイ活にオススメの謎ポイントサイト infoQ
・豊富な交換先(LINEポイントがオススメ)
・GMOグループの信頼度

https://t.co/4jrO7PQCWc

#ポイ活 #お小遣い #LINE #Amazon",1.3112307227204116e+18
19,2020-09-30 09:06:49,kanangd28,#Juteint if you need any jute item please contact with us we ship to all over the world. #bags #Amazon #bestbuy #Argos #ecommerce #ecofriendly #alibaba #American #Canadian #SustransWin #savenature #SafetyFirst https://t.co/2tuIb3ui8g,1.3112310118170952e+18
20,2020-09-30 09:05:21,kana_ogawa,"【アロマ】ベスト10
ランドリン ルームディフューザー No.7 80ml
https://t.co/tKY5R7lUpi #Amazon",1.3112306449328497e+18
21,2020-09-30 09:06:00,BancoMediolanum,El #CorteInglés lanza su 'app' con tarifa plana anti #Amazon para vender 1.800 M 'online' https://t.co/IFqGOcbkA8,1.311230805939757e+18
22,2020-09-30 09:06:11,OfertacularRL,"‼️MINIMAZO HISTÓRICO 😱‼️ 👁‍🗨 #Ofertacular #Amazon #chollo #oferta #ganga

⚫️ Juego de 3 Maletas Luggo 

🛒: ➡️ https://t.co/hDSZ9UYAwi ⬅️ https://t.co/X5cmqnzhzM",1.3112308537171313e+18
23,2020-09-30 09:05:42,kana_ogawa,"【アロマ】ベスト10
ノルコーポレーション John's Blend アロマウォーター ミニ 加湿器用 OA-JON-47-1 ホワイトムスク 250ml
https://t.co/tC54LjTeOQ #Amazon",1.311230733059461e+18
24,2020-09-30 09:12:07,TheIterativeCo,"5/17

☁️ @Amazon just launched a brand new cloud gaming service called Luna, offering different selections of games accessible as “channels” for a starting price of $5.99/month.

https://t.co/AgLjmRxDB7

#cloudgaming #amazon #gamedev #indiedevs",1.3112323482019963e+18
25,2020-09-03 18:26:48,LenovoLegion,"Lenovo Legion x @PlayApex
Now is your chance to rise above the rest. 
Unmatched performance, purposeful engineering, modern design.
Gear up with a machine as savage as you are.
Stylish outside.
Savage inside.",1.301587465258578e+18
26,2020-09-30 09:10:06,XperienceDope,"Blasting @XperienceDope - Follow our Twitter right now on Pretty Dope Xperience Radio aka #BlackPandora

listen now and catch a wave!! https://t.co/VqKFopeoex  #nowplaying #np #RT  #NowStreaming #Streema Download Now #Alexa #GooglePlay #iOSAppStore #Amazon #",1.3112318369500652e+18
27,2020-09-30 09:05:11,kana_ogawa,"【アロマ】ベスト10
ENERG e's Explorer アロマディフューザー ネブライザー式 ヨガ室 ホテル 店舗 人気 タイマー機能 ノズルアダプタ２個 空瓶3個・スポイト1個付き T11-ENS1
https://t.co/gFa6Qt9a2s #Amazon",1.311230601064624e+18
28,2020-09-30 09:07:08,aivanet,#News #Amazon #mobile Amazon One turns your palm into a contactless credit card https://t.co/JtJSpaFvgG https://t.co/unrxdZ12nw,1.311231094088282e+18
29,2020-09-30 09:08:33,sougo_review,"レビューは画像を使って紹介するよりも動画で紹介するほうが効果が高い

#Amazon #レビュー #アマゾン #副業 #アマゾンレビュー #amazonレビュー #レビュー募集 #レビューアー #レビュー募集",1.3112314478527078e+18
30,2020-09-30 09:07:24,Digital_Decor,"'Around a Center Stillness' by David Petersen
 
My #art #books are available from #Amazon as well as https://t.co/hHRky8vPQg and https://t.co/FvvXPKYWYy

#artist #artwork #animation #digitalart #rtArtBoost  #creative #writingcommunity #fractals #WednesdayVibes https://t.co/HZaKknOCDG",1.311231158122877e+18
31,2020-09-30 09:05:17,MaxPowerDigita1,"Funda antigolpes para Xiaomi Redmi Note 8 Pro
https://t.co/42RgLWoLul
#Amazon #AmazonPrime #maxpowerdigital #Xiaomi #Redmi #redminote8pro #xiaomiredminote8pro #ofertas #chollos #tecnologia #digital #antigolpes",1.3112306266794598e+18
32,2020-09-30 09:07:01,GetflixAU,"Join the #Halloween season on #Amazon #Prime Video with #Getflix and #unblock the October 2020 shows with our #bestDNS. Join us to have access to a vast catalog of movies on #AmazonPrime and have fun #streaming!
https://t.co/HYwwSGRPvS",1.3112310607479726e+18
33,2020-09-30 09:07:57,RyuKelvin,"Duh... Mau jadi apa kalau Mac Pro kecemplung pas mandi di bathup, lalu data belum sync ke I loud, nangis #alibaba di hutan #Amazon dah urusannya https://t.co/I8SIeMLs28",1.3112312992023798e+18
34,2020-09-30 09:11:54,amazon_honpo,"&lt;Amazonの商品を
　最大20%offで購入する方法&gt;

Amazon割引本舗を使う→5-8%off
(時期により変動)

ラクマでの支払い
LINE Payを使う→5%off

クーポンを使う→5-10%off
(ラクマで不定期に配布されます。)

#Amazon
#アマゾン   
#プライムデー  
#タイムセール祭り
#クーポンの賢い活かし方 
#switch",1.311232292954624e+18
35,2020-09-30 09:05:37,kana_ogawa,"【アロマ】ベスト10
GRHOOM アロマディフューザー 車載 アロマ芳香器 超音波式 加湿器 殺菌 消毒 脱臭 焚き防止 空気清浄 自然の香り七色変換LED 100ml 自動タイマー機能付き 車 家庭 ヨガ室 ホテル オフィス 店舗 人気 USB充電ケーブル 日本語マニュアル (黒)
https://t.co/B1iXvex4o6 #Amazon",1.3112307107373343e+18
36,2020-09-30 09:05:32,kana_ogawa,"【アロマ】ベスト10
ノルコーポレーション JohnsBlend(ジョンズブレンド) アロマウォーター 加湿器用 520ml ホワイトムスクの香り OA-JON-23-1 リキッド・液体 単品
https://t.co/9zCFZQp3FK #Amazon",1.311230688880853e+18
37,2020-09-30 09:12:30,media_tin,"Amazon is launching a new service called Amazon Explore that allows customers to book live, virtual experiences led by local experts. 

https://t.co/8MYgSokkG0

#tinmedia #tinmediaupdates #Amazon #technology #virtualtours #virtualexperience https://t.co/Il51bmXLLE",1.3112324407955005e+18
38,2020-09-30 09:08:38,AmazonNewsDE,"(Keine) Zukunftsmusik: Ein neues #Amazon Forschungsteam konzentriert sich in Deutschland ab sofort auf den innovativen Zustellservice Amazon Scout. Durch die Forschung an Wahrnehmungssystemen, soll Scout sich sicher und autonom um Hindernisse herumbewegen. https://t.co/omCdNhjMov",1.3112314696590582e+18
39,2020-09-30 09:05:48,kana_ogawa,"【アロマ】ベスト10
アロマディフューザー ネブライザー式 充電式 静音 噴霧 ミスト量調整可 タイマー機能 水なし 車用 充電式 ネブライザー式 ヨガ室 ホテル
https://t.co/65ehhQUxzN #Amazon",1.3112307550711235e+18
40,2020-09-30 09:09:16,elsuperchollo,"🏆Descuento de campeonato🏆 #Amazon 

The One Bolso bandolera, 21 cm, 2.5 L, Azul (Triple Denim) 

✅ Descuentazo del 33% 

💵 Precio desde 19,99 EUR

🔰 Enlace: https://t.co/7E3Mws9qD2 

🌐 https://t.co/NcgEv0iEG5 https://t.co/zvM1ll6YGn",1.3112316273941545e+18
41,2020-09-30 09:07:44,rus_zanas,"EC利用率が大きく増加したのは40代／最も伸びたアプリは「UNIQLO」【ジャストシステム調査】
https://t.co/niSoX72jB0

#EC
#ネットショップ
#運営代行
#コンサル
#広告運用
#サイト構築
#マーケティング
#SEO対策
#UNIQLO
#EC利用率
#楽天
#Yahoo
#aupayマーケット
#Amazon",1.311231242679976e+18
42,2020-09-30 09:09:00,Tarrako1162,"🔥CHOLLO! #Amazon | #Zapatos

📢#Timberland Bradstreet Plain Toe Sensorflex, Zapatos de Cordones Oxford para Hombre 

Disponibles más colores y tallas con precios TOP!! 

   ❌ Antes: 130,00€
   🔥 PRECIO OFERTA: 77,95€🔥 -40%
   🔰 Enlace: https://t.co/ZZ7vOSzXB4 https://t.co/Di1hSLDVaU",1.3112315607297802e+18
43,2020-09-30 09:11:17,rakten_kaden_,"09/30 18:11

ソニッケアー 電動歯ブラシ ガムヘルス+エアーフロ
【楽天】7980円
【Amazon】8980円

★楽天で購入すると★
 1000円 お得（お得率13％）

↓お得な情報を一覧で確認出来るサイト
https://t.co/kMQYxgL6Rh

#楽天市場 #Amazon #お得 #せどり https://t.co/SHuSIAS1ZL",1.311232134716117e+18
44,2020-09-30 09:11:44,hispachollos,"🌀 NASUM Profesional Set de Manicura Pedicura, Cortaúñas Hecho de Acero Inoxidable - Juego Completo de 16 Piezas para Manicura y Pedicura Limpiador Cutícula, con Caja de Cuero. #Amazon 🇪🇸

🕘 PRECIO FLASH: 8,49€

💶 Precio oferta: 13,99 ...
https://t.co/jCmPeLPpoS
#chollo",1.3112322501938831e+18
45,2020-09-30 09:07:34,kimura_books,ブタの話なのに深い。中学高校くらいに読みたかったな。　小泉 吉宏 'ブタのふところ' https://t.co/aLK1FoBF5A #books #amazon,1.3112311998099988e+18
46,2020-09-30 09:05:26,kuroracco,"埼玉誕生150周年☆
私が選ぶ150周年を彩る  #キャッチコピー はこれだ！
@saitama150th ではプレゼントCPを実施中！～10/12
抽選で20名に  #Amazon  #ギフト券 500円分を  #プレゼント ♪
 https://t.co/sg469sWNEG",1.311230662733521e+18
47,2020-09-30 09:06:10,stephpaillard,"Dingue ! La paume à la place de la carte bancaire: #Amazon a dévoilé une technologie biométrique sans contact pour permettre aux clients de payer en magasin d'un simple mouvement de la main.
- Challenges #AmazonOne  https://t.co/WqGafXCMel",1.3112308495605187e+18
48,2020-09-30 09:06:33,TechXplore_com,#Amazon defends warehouse #safety following report on injuries https://t.co/Zj0LymYQQi,1.3112309456143442e+18
49,2020-09-30 09:05:27,kana_ogawa,"【アロマ】ベスト10
MONDORE ネブライザー式 アロマディフューザー 水や熱を使わない 竹製土台 ガラス細工 インテリア 強さ調節
https://t.co/VmASmEEIyz #Amazon",1.311230666986541e+18
,date,screen_name,tweet,tweet_id
0,2020-09-30 09:04:21,FreebieDepot,►► SCORE! Find Out How to Get $10 #Free to Spend at #Amazon ►► https://t.co/mq7C8PKAa8 ►► #AmazonPrime #AmazonPrimeDay #FREEStuff #Freebie #PrimeDay ►► @FreebieDepot https://t.co/gJxkWGUlrs,1.311230393379586e+18
1,2020-09-30 09:03:00,BaratoDeVerdad,"🆕 ¡YA puedes reservar la Collector's Edition de #CryptOfTheNecrodancer!

Incluye:
#Steelbook
#CD con la #BSO
Bandana
Manual a color
Pin...

🕹️ #NintendoSwitch
⏺️ Juego de mazmorras-musical
🌐 #BraceYourselfGames
📦 Envío #gratis en #Amazon

AQUÍ ▶️ https://t.co/2DZwzdbw1l https://t.co/1fhVOaV0BZ",1.311230052189827e+18
2,2020-09-30 09:00:46,tlcbiz,"Facebook, TikTok, Amazon: Everything that matters this morning
https://t.co/7et8DWUjnS #Facebook #TikTok #Amazon",1.3112294898217574e+18
3,2020-09-30 09:00:47,Becco_Giallo,"👯‍♀️ Elettra Lamborghini e la Dea del Ritmo👯‍♀️ 
il primo libro di @ElettraLambo
📌 #inlibreria ill 29/10!

🔴  Elettra protagonista di un #fumetto per ragazzi che la proietterà in un universo parallelo ricco di sorprese.

👉 In #preordine su #amazon:
https://t.co/NybpKoPfZL https://t.co/DOAknAf6jg",1.311229494028628e+18
4,2020-09-30 09:01:16,rakten_kaden_,"09/30 18:01

玄米専用低温貯蔵庫　LHR-14　(7俵タイプ/1
【楽天】108900円
【Amazon】109780円

★楽天で購入すると★
 880円 お得（お得率1％）

↓お得な情報を一覧で確認出来るサイト
https://t.co/kMQYxgL6Rh

#楽天市場 #Amazon #お得 #せどり https://t.co/QYi6MJAAvq",1.3112296145811005e+18
5,2020-09-30 09:01:27,CoolDealCA,"💲💰
Monoprice 5MP Turret IP Securi...
Reduced from $186.36 to $76.79

# #Deals #new #Deals #Amazon  #Deal #ganga

 https://t.co/ju4AMnuAn2 https://t.co/fTtSWc6ewF",1.311229662450811e+18
6,2020-09-30 09:02:52,SiddhantWritess,"ANNOUNCEMENT... 5 directors... 5 stories... #GauthamMenon, #SudhaKongara, #RajivMenon, #SuhasiniManiRatnam and #KarthikSubbaraj... #Amazon to launch an anthology of five #Tamil short films... Titled #PuthamPudhuKaalai... Premieres 16 Oct 2020. https://t.co/I87nKRjVBc",1.3112300171504394e+18
7,2020-09-30 09:04:58,LucasCreatesArt,"Amazon Fire Tablet 8HD #reviews #review #tech #amazon #fire #tab8hd #YouTuber #Subscribe #YouTube #wednesdaymorning #WednesdayThoughts #wednesday #alexa #best #athomewithlucas #
https://t.co/djza47D0Qn https://t.co/LYsC03stDV",1.3112305478640886e+18
8,2020-09-30 09:02:30,DevanshDigital,"#Amazon Today’s Offers: Avail daily deals on wide range of mobiles, apparels, TV’s, Beauty, Home &amp; Kitchen, Books, sports, Fashion, electronics, automobiles and many more. Checkout Amazon's Deal of the Day, Lightning Deals, and Best Deals. 

https://t.co/XIawgYTbtv via @amazonIN",1.3112299260878643e+18
9,2020-09-30 09:02:18,domadomad,【MMORPG】ラグナロク オデッセイ (初回生産版:PC版アイテムチケット&amp;PS Vita版プロダクトコード(1種)同梱)特典つき　　https://t.co/vGS2X8WYHg #amazon,1.311229874275713e+18
10,2020-09-30 09:04:47,AKKO47978720,"ラッキーイカマヨ。結局近くで売ってないからAmazonで大人買い！
#ラッキーイカマヨ
#Amazon https://t.co/El3t1EfLzd",1.3112305016933827e+18
11,2020-09-30 09:01:01,OnlyGearBest,"🌟 [𝗢𝗻𝗹𝘆 𝗚𝗲𝗮𝗿𝗯𝗲𝘀𝘁] 🌟

🔊 Aigoss Autoradio Bluetooth Radio Coche Manos Libres FM Estéreo de Control Remoto 4 x 60W MP3 Ra #amazon

🌍 Enlace: https://t.co/RzU4UKXCzb

Te esperamos en telegram: https://t.co/mPaN5u2fFj https://t.co/oS1FShhpAN",1.3112295513479905e+18
12,2020-09-30 09:05:04,rambling_bus,A musical  #ChristianFantasy about #Angels on #Amazon  #Bible #Heaven  #IntotheMindofLucifer Prequel to #AngelicWarsFirstRebellion  #SpiritualWarfare  https://t.co/YMQJTVcZaB RT https://t.co/XNFXnQedWp,1.3112305718221537e+18
13,2020-09-30 09:01:21,TheInStockRoom,"***New Deal***
Monoprice 5MP Turret IP Securi...
Reduced from $186.36 to $76.79
https://t.co/GrkqmxBhjP
#Deals #newDeals #Amazon https://t.co/7P57OIj0dS",1.3112296381951918e+18
14,2020-09-30 09:02:02,hispachollos,"🌀 Crucial Ballistix BL2K8G36C16U4B 3600 MHz, DDR4, DRAM, Memoria Gamer para Ordenadores de sobremesa, 16GB (8GB x2), CL16, Negro. #Amazon 🇪🇸

💶 Precio oferta: 76,22€ 💥 (PVP normal: 102,84€)

♻️ Reacondicionado: 74,7€

💳 Enlace: https ...
https://t.co/2lITIvWWvK
#chollo",1.311229806646829e+18
15,2020-09-30 09:00:47,traveltechca,https://t.co/CiXpTsnd2R for #travel #tech for #canada #Amazon #toronto #trip #adventure #goals #love #TFLers #tweegram #photooftheday #20likes #amazing #smile #follow4follow #like4like #look #instalike #igers #picoftheday #food #instadaily #instafollow #followme #girl #iphoneon…,1.3112294953204818e+18
16,2020-09-30 09:02:59,AH0RRAC0M0NUNCA,"🆕 ¡YA puedes reservar la Collector's Edition de #CryptOfTheNecrodancer!

Incluye:
#Steelbook
#CD con la #BSO
Bandana
Manual a color
Pin...

🕹️ #NintendoSwitch
⏺️ Juego de mazmorras-musical
🌐 #BraceYourselfGames
📦 Envío #gratis en #Amazon

AQUÍ ▶️ https://t.co/nzT3RqJ3a0 https://t.co/53hq77vr2z",1.3112300456886723e+18
17,2020-09-30 09:01:02,reinadellowcost,"🌟 [𝗟𝗮 𝗿𝗲𝗶𝗻𝗮 𝗱𝗲𝗹 𝗟𝗼𝘄𝗰𝗼𝘀𝘁] 🌟

🔊 Aigoss Autoradio Bluetooth Radio Coche Manos Libres FM Estéreo de Control Remoto 4 x 60W MP3 Ra #amazon

🌍 Enlace: https://t.co/DphPw6XKxW

Te esperamos en telegram: https://t.co/Jxndx9pJCJ https://t.co/308Q5yQjpM",1.3112295555087524e+18
18,2020-09-30 09:01:03,GoForHealth,How to Increase Your Amazon Affiliate Program Commission in 2019?... https://t.co/gRfupf2yb0 RT #business #Startup #amazon https://t.co/jtsgbWStUu,1.3112295625509233e+18
19,2020-09-30 09:03:19,kisholoyspeaks,"Have you checked out this book??

An absolute insightful and engrossing read on Captain Cool's international career and more...

Available on #Amazon #pothi #googleplaybooks and more https://t.co/ddHNKrJ6Mk",1.3112301300737393e+18
20,2020-09-30 09:01:20,elsuperchollo,"Lluvia de rebajas 🌂 #Amazon 

Heavy Cotton Tee Shirt 3 Pack, Camiseta de Manga Corta Para Hombre 

Super rebaja del 29% 

💵 Precio desde 11,99 EUR

🔰 Enlace: https://t.co/BCQpFhBa4f 

🌐 https://t.co/DaeTEqtTVH https://t.co/wJXkN0SB5S",1.3112296318660444e+18
21,2020-09-30 09:00:54,app_xndr,"Follow @xndr_apps my main account for more up to date information September 30, 2020 at 10:00AM #kindle #fire #amazon",1.311229524118569e+18
22,2020-09-30 09:03:50,XperienceDope,"Blasting SOB x RBE - Can’t Go Back right now on Pretty Dope Xperience Radio aka #BlackPandora

listen now and catch a wave!! https://t.co/VqKFopeoex  #nowplaying #np #RT  #NowStreaming #Streema Download Now #Alexa #GooglePlay #iOSAppStore #Amazon #",1.3112302608061194e+18
23,2020-09-30 09:01:03,MenudoPaquete,"🌟 [𝗠𝗲𝗻𝘂𝗱𝗼 𝗣𝗮𝗾𝘂𝗲𝘁𝗲] 🌟

🔊 Aigoss Autoradio Bluetooth Radio Coche Manos Libres FM Estéreo de Control Remoto 4 x 60W MP3 Ra #amazon

🌍 Enlace: https://t.co/se38U7d12x

Te esperamos en telegram: https://t.co/IbEojfZpa4 https://t.co/AYCTQmKgaj",1.3112295594890732e+18
24,2020-09-30 09:01:16,cadista23,"No creéis que Amazon debería pedir algún dato más aparte de soltarte el paquete y irse,  tras decir sólo un nombre? 🤔🤷‍♀️ #Amazon",1.3112296165652234e+18
25,2020-09-30 09:03:07,Tarrako1162,"🔥CHOLLO! #Amazon | Cuidado Personal

📢#Remington S8590 Keratin Therapy Pro - Plancha de Pelo Profesional, Cerámica, Digital, Keratina, Aceite Almendras, Color Bronce 

   ❌ Antes: 85,99€
   🔥 PRECIO OFERTA: 44,85€🔥 -48%
   🔰 Enlace: https://t.co/tAX8ki6MRf https://t.co/sREz1VEwgc",1.3112300833115668e+18
26,2020-09-30 09:05:00,kana_ogawa,"【アロマ】ベスト10
KUSU HANDMADE くすのきアロマディッシュ
https://t.co/rUC9rIFgT5 #Amazon",1.3112305569993605e+18
27,2020-09-30 09:01:06,quixote77,The Joy of Discipleship - New Book on #Amazon Read the intro. Add your review https://t.co/KpQjly5l20,1.311229572633985e+18
28,2020-09-30 09:02:12,meet_ghoghari,"https://t.co/bU82DEn29U
RS.699 BUY NOW
#Amazon #AmazonIndia #AmazonGreatIndianFestival #AmazonDeals #amazondevices @amazon @amazonIN @amazon",1.311229849143513e+18
29,2020-09-30 09:03:26,paisawapas,"Last Day Of Amazon Mega Fashion Sale🤷🤷 Upto 70% Off On Vero Moda, Jack &amp; Jones &amp; More
+ Upto 6.5% PW Voucher Cash + Flat Rs50 Bonus (Last Day)🤑🤑Shop Now: https://t.co/hruVshogrB

#PaisaWapas #amazon #Mega #fashion #Sales #onlineshopping",1.3112301600587653e+18
30,2020-09-30 09:05:06,kana_ogawa,"【アロマ】ベスト10
Tenswall アロマディフューザー 超音波式 加湿器 アロマランプ 空焚き防止 時間設定 次亜塩素酸水対応 500ml 大容量 10時間連続加湿 静音 リモコン付き おしゃれ LEDライト7色 アロマ タイマー ミスト量調節可能 部屋 会社 ヨガなど各場所用
https://t.co/k4X5mQvdB5 #Amazon",1.311230579124306e+18
31,2020-09-30 09:01:33,barthezz_x,"Last Chance! Would you like to win a $50 Amazon Gift Card or PayPal Deposit? Check out this easy entry Gleam giveaway for a chance to #WIN

Open Worldwide

@GooseGiveaways #wingiftcard #wincash #amazon #paypal #winmoney #sweepstakes #giveaways https://t.co/MFHL8vkAvR",1.3112296860647875e+18
32,2020-09-30 09:04:32,elsuperchollo,"🔥 Preciazo ❗️❗️❗️ #Amazon 

JOMA - Bali Polos Caballero Hombre 

Ofertita de la buena ✨ 31% 

💵 Precio desde 14,45 EUR

🔰 Enlace: https://t.co/AdwK22zeJK 

🌐 https://t.co/khLBdLv9Ms https://t.co/KOHmrezjEf",1.311230438439084e+18
33,2020-09-30 09:00:58,DevanshDigital,"Tata Sampann Unpolished Chana Dal, 1kg by #Tata 

https://t.co/MK5ehspMJi via @amazonIN 

M.R.P.:₹ 105.00
Price:₹ 97.00 Pantry badge
You Save:₹ 8.00 (8%)
#Amazon #AmazonPantry #Unpolished #TataSampann #ChannaDal #Chana #Yellow",1.311229541390545e+18
34,2020-09-30 09:00:53,Begbies_Chelts,"Digital platforms, such as #Etsy, #Amazon, #UberEats and #JustEat provided and continues to provide the doorway to businesses to establish an online shopfront and virtual presence in light of the ongoing #pandemic. Via @hellomintLtd https://t.co/W6yxDmZKRK",1.311229519169233e+18
35,2020-09-30 09:03:03,DeanndraHall,"She opens the door and, in a split second, her past and her destiny collide. #scifi #romance https://t.co/GdqXe4uZWT #reading #book #amazon https://t.co/ofAy2jpl49",1.311230063040516e+18
36,2020-09-30 09:02:28,elsuperchollo,"Yo ❤ esta oferta #Amazon 

JOMA - 100687.452 Sudadera, Hombre 

Descuento ⭐️⭐️⭐️⭐️⭐️ 34% 

💵 Precio desde 15,69 EUR

🔰 Enlace: https://t.co/Ab9I3J99cI 

🌐 https://t.co/3cfqRuH76A https://t.co/kP5SB3c2Vp",1.3112299184334766e+18
37,2020-09-30 09:01:00,chicachick_2,"LA FAMILIA MARLO de @BoopDesy
https://t.co/5Yfoa51SAF
Compra por solo por 0.99€
«Cuando la peste negra llega al pueblo de MontGaudier, un pacto con el diablo desencadenará un cambio inesperado en la vida de la familia Marlo».
#leeresmiplan 
#Amazon 
#amoleer 
#KindleUnlimited https://t.co/OqmmUumCqN",1.311229547606614e+18
38,2020-09-30 09:02:14,hispachollos,"Kit de Reparación de Neumáticos, POPOMAN Reparación de Neumáticos 100pcs, con Mechas para llantas, Herramientas Automotrices Punción Multifunciona, Guantes Resistentes, Clavos de Reparación Rápida  #Amazon 🇪🇸

⚡ Precio con Cupón: 15, ...
https://t.co/qpnPNjVsKD
#chollo",1.311229858425471e+18
39,2020-09-30 09:05:04,Improv_ingbus,A musical  #ChristianFantasy about #Angels on #Amazon  #Bible #Heaven  #IntotheMindofLucifer Prequel to #AngelicWarsFirstRebellion  #SpiritualWarfare  https://t.co/O4URpUrrQ0 RT https://t.co/3bQ6kqLEwL,1.3112305719856742e+18
40,2020-09-30 09:03:05,chollosyoferta,"#Chollo #Amazon 70% DESCUENTO Valeo 574469 Escobilla

Precio original: 30,45
Precio oferta: 25,31
Reacondicionado: 8,96

    👇👇👇👇👇👇👇
👉 https://t.co/ENOrKO8roi https://t.co/cPX7DtDbmd",1.3112300736772506e+18
41,2020-09-30 09:04:01,TrickByte,"Join the #Halloween season on #Amazon #Prime Video with #TrickByte and #unblock the October 2020 shows with our #bestDNS. Join us to have access to a vast catalog of movies on #AmazonPrime and have fun #streaming!
https://t.co/qe3SU2qV1t",1.3112303056725893e+18
42,2020-09-30 09:01:21,creativemm12,"&lt;Current Weather&gt;
San Francisco
Temperature: 57.47°F/ Status: clouds
👉https://t.co/C3ZIBnvqbi #amazon👈
💯👉Auto Follower👈💯
💯👉#自動相互フォロー👈💯

#固定ツイートRT
#Bad #Bunny #Crocs
#Titans
#Hillary #Clinton
#TeamFollowBack
#拡散希望RTお願いします",1.3112296371758285e+18
43,2020-09-30 09:03:44,FreebieDepot,►► Get $10 #Free to Spend at #Amazon for Buying Some Groceries ►► https://t.co/6vL34FzNZ8 ►► #AmazonPrime #AmazonPrimeDay #FREEStuff #Freebie #HappyPrimeDay #PrimeDay ►► @FreebieDepot https://t.co/cV3HGWGFbI,1.311230238035243e+18
44,2020-09-30 09:00:48,yuki_nagase,"【ベビー服】ベスト10
zybaby ベビー カバーオール ロンパース パジャマ 長袖 前開き ゾウ 綿 肌着 春秋冬 男の子 女の子 可愛い カジュアル ブルー ホワイト 50 60 70 80 90
https://t.co/EGeCDpDlVJ #Amazon",1.3112294984072684e+18
45,2020-09-30 09:04:15,hispachollos,"🌀 Kit 3x Preservativos Durex Pleasuremax Estimulantes con costillas y puntas, 36 preservativos. #Amazon 🇪🇸

🔘 Descuento automático al tramitar el pedido!!!

🕘 PRECIO FLASH: 22,08€

💶 Precio oferta: 24€ 💥 (PVP normal: 31,5€)

💳 Enlace ...
https://t.co/R3QGlpvpS0
#chollo",1.3112303679496192e+18
46,2020-09-30 09:03:06,AuthorOSanchez,"Coffee is javambrosia...drink deep.
https://t.co/PZA8h0Mvjp
#amazon #kindle #fantasy #urban
#deathwishcoffee https://t.co/NvUmcKtmut",1.3112300766426235e+18
47,2020-09-30 09:01:00,holiday_onahama,"ホリデー車検は安心の立会い車検

夏

お車でお出かけされましたか？

すごく暑かった夏

車を酷使して後はしっかりとメンテナンス！

少しでも「あれ？」と思ったら

ホリデー車検へ！

#amazon #ギフト 券3000円分 #プレゼント #キャンペーン
当アカを#フォロー &amp;#RT で応募完了 https://t.co/XrxLtHDcIn",1.311229547111764e+18
48,2020-09-30 09:05:07,rickenorris,A musical  #ChristianFantasy about #Angels on #Amazon  #Bible #Heaven  #IntotheMindofLucifer Prequel to #AngelicWarsFirstRebellion  #SpiritualWarfare  https://t.co/xPi715uJE4 RT https://t.co/iwy5WGRHEr,1.311230586594513e+18
49,2020-09-30 09:03:52,FC_highmountain,【頭が良くなるらしい】サッカーしょうぎ (頭のよくなるゲーム) [ペーパーバック] https://t.co/7pur34nEiv #サッカー #将棋 #ゲーム #Amazon https://t.co/1YDWR1jJ6q,1.3112302682214523e+18
,date,screen_name,tweet,tweet_id
0,2020-09-30 09:00:18,mobileappdiary,"This auto-download feature has been rolled out on Android devices across world. It implies begin downloading the next three episodes for offline viewing over a Wi-Fi connection. However, this number can be adjusted.
#Mad #Amazon #AmazonPrime #OTT https://t.co/BWwbCsPQ08",1.311229372737753e+18
1,2020-09-30 09:00:02,shadowconn,"""BIG BOOK OF REJECTIONS #Kindle Edition

Have you ever wondered if that rejection letter you got from an agent or publisher contained any real, valuable advice or insight?

 #writing #amwriting #reference #amazon

@Amazon.. https://t.co/IsrQXDnPCu https://t.co/NPi0PIGU6j",1.3112293051507302e+18
2,2020-09-30 08:59:35,kakicchysmusic6,https://t.co/MaMFRamliO: Head Banging Doll [Clean]: kakicchysmusic: MP3 Downloads https://t.co/th82PwcXlt #Amazon #Prime,1.311229191027716e+18
3,2020-09-30 09:00:25,shinchaku,【発売日：2020/09/12】カラオケ行こ! (ビームコミックス)  https://t.co/LpqMrtU9p0 #amazon,1.3112294011625472e+18
4,2020-09-30 09:00:21,shinchaku,【発売日：2020/09/19】20代で得た知見  https://t.co/G1GDDWHAYn #amazon,1.3112293859707249e+18
5,2020-09-30 09:00:22,shinchaku,【発売日：2020/09/10】【小説24巻】本好きの下剋上～司書になるためには手段を選んでいられません～第五部「女神の化身III」 (TOブックスラノベ)  https://t.co/yRwWbIF15L #amazon,1.311229391117185e+18
6,2020-09-30 08:59:58,AAATrade,"✋ @amazon is releasing its palm recognition technology. Today if its price remains above support, it could test its $3,185 resistance.

Open account &amp; start trading #Amazon 👇
https://t.co/KDU8pnQxvJ

Read more: https://t.co/rTSSn4ktH3

#technicalanalysis #stocksinnews #AAATrade https://t.co/mBg4tdi0NS",1.3112292900050412e+18
7,2020-09-30 09:00:36,ecommerce_picks,Top #sale! Raspberry Pi 3 Official Starter Kit https://t.co/Czdsqxgka0 via @eBay_UK #ecommerce #ebay #amazon #socialmedia #news,1.3112294462345298e+18
8,2020-09-30 09:00:23,musicalbumrevi,"2020 Genesis G90 Review https://t.co/UIz1EeRBRk September 30, 2020 at 02:30PM #Automobile, Genesis, Reviews #blogger #2k20 #blog #MusicAlbumReviews #amazon",1.3112293927781294e+18
9,2020-09-30 09:00:30,swiftgiftcards,We offer the best rate available.....#amazon #sephora #steam #cryptocurrency #followforfollowback #likeforlikes https://t.co/UyaMZZzbAe,1.3112294237992182e+18
10,2020-09-30 09:00:25,shinchaku,【発売日：2020/09/19】終末のワルキューレ (8) (ゼノンコミックス)  https://t.co/XpGgNONZhv #amazon,1.3112294036119224e+18
11,2020-09-30 09:00:24,shinchaku,【発売日：2020/09/19】VOCE(ヴォーチェ) 2020年 11 月号 (日本語) 雑誌  https://t.co/q9NjcCpOgk #amazon,1.311229396871721e+18
12,2020-09-30 08:58:13,DevanshDigital,"Tata Sampann Unpolished Moong Chilka, 500g by #Tata 

https://t.co/CQtGr2jPvi via @amazonIN 

M.R.P.:₹ 86.00
Price:₹ 78.00 (₹ 156.00 / kg) Pantry badge
You Save:₹ 8.00 (9%)
#Amazon #AmazonPantry #TataSampann #Unpolished #MoongDal #Chilka #MoongChilka",1.3112288486383165e+18
13,2020-09-30 09:00:01,yuki_nagase,"【ベビー服】ベスト10
ベビー服 長袖カバーオール 3枚セット 綿100% 新生児服 前開きタイプ 新生児 女の子 かわいい 赤ちゃん服 ロンパース 出産祝い プレゼント 3~12ヶ月 【miniGray】 (スワン•ハナ•イチゴ, 0~3月(59))
https://t.co/D0W7NMYaAl #Amazon",1.3112292998909092e+18
14,2020-09-30 09:00:22,yuki_nagase,"【ベビー服】ベスト10
Ruibaolai ベビー＆キッズ用 カバーオール　足つき　ロンパース 着ぐるみ キッズコスチューム 子供 男の子 女の子 パジャマ 防寒着 スウェット ファション (90, ブラウン)
https://t.co/j8Y85aAauB #Amazon",1.3112293878622085e+18
15,2020-09-30 09:00:31,shaula1652,"@HarukiKai0628 200倍返しでぴこんよろしくお願いします🥺
今日はオペ室の応援頑張ってきました！
明日はいつものPCR検査の発熱外来勤務です！
#ご褒美にぴこんを〜

Amazonほしい物リストを一緒に編集しましょう https://t.co/GacQEPscBc #Amazon",1.3112294265924076e+18
16,2020-09-30 09:00:02,ReleaseBytes,Sign-up to our daily newsletter for more stories! #science #technology #business #news #amazon #amazonone #biometric #generalelectric #heartdisease #obesity #walmart #tata #jioplatform #ecommerce #flipkart #india #nokia #5g #Ericsson #plasticwaste https://t.co/AGmLbatCyz,1.3112293064761303e+18
17,2020-09-30 09:00:23,shinchaku,【発売日：2020/09/09】わたしの幸せな結婚(2) (ガンガンONLINE)  https://t.co/D2R3XUfKKv #amazon,1.3112293934366515e+18
18,2020-09-30 09:00:16,yuki_nagase,"【ベビー服】ベスト10
(ラボーグ)La Vogue ベビー服 ロンパース 子供 赤ちゃん カバーオール 耳付き 新生児 フード パジャマ キッズ 男の子 女の子 コスチューム 秋冬 防寒 ブルー 80
https://t.co/Gx8jJqqKRe #Amazon",1.3112293659301888e+18
19,2020-09-30 09:00:37,yuki_nagase,"【ベビー服】ベスト10
Citron くま耳 ロンパース フリース 赤ちゃん ベビー服 くすみカラー 子供服 子供 女の子 男の子 長袖 春 夏 秋 冬 出産祝い プレゼント お出かけ キッズ (オリーブ, 60(65)cm)
https://t.co/W6at1vDZFx #Amazon",1.311229454098727e+18
20,2020-09-30 09:00:26,shinchaku,【発売日：2020/09/10】魔法使いの嫁 14 (BLADEコミックス)  https://t.co/e3nLlP2pe7 #amazon,1.3112294048703037e+18
21,2020-09-30 09:00:24,shinchaku,【発売日：2020/09/07】空挺ドラゴンズ（９） (アフタヌーンコミックス)  https://t.co/nnA15BMeqV #amazon,1.311229395630252e+18
22,2020-09-30 09:00:07,ScontrinoFelice,#Musica in streaming a soli 0.99€ per 4 mesi con #Amazon Music Unlimited https://t.co/kX3fgeK1aN,1.3112293259712635e+18
23,2020-09-30 09:00:03,YabRock,クリスタルナハト / #PANTA https://t.co/5RgoXdMczy #頭脳警察 #Punk #JRock #アマゾン #Amazon #AmazonJP,1.3112293078810255e+18
24,2020-09-30 09:00:04,amitabhisgood,"Book#1 of #Shortstories series from accidental #author Amitabh Choudhury, now on #kindleunlimited. 

Title: Thank you 
Sub-title: Short family story

Get it from #Amazon: 
#India: (https://t.co/atlosQoLaS) 

#Bengaluru #Mumbai #Chennai #Delhi #Goa #Pune #kindle #family",1.311229311702233e+18
25,2020-09-30 09:00:43,yuki_nagase,"【ベビー服】ベスト10
【zybaby】ベビー服 2枚セット 夏 ロンパース 半袖 カバーオール 新生児服 - ドラゴンボール,NARUTO（ナルト）,ONE PIECE（ワンピース）
https://t.co/I9xLoHDQlN #Amazon",1.3112294764333097e+18
26,2020-09-30 09:00:01,Reality_SageIT,"** Tech News **

#Amazon has announced a new system for shops where scanners register an image of the user's palm letting them pay by hovering their hand in mid-air!

If I'm honest, I'd spend most of the time pretending I'm a #Jedi using the force!

https://t.co/hwIYu6MFBH

#Tech https://t.co/TCncL4TJgn",1.311229302910849e+18
27,2020-09-30 09:00:26,shinchaku,【発売日：2020/08/20】きのう何食べた？（１７） (モーニングコミックス)  https://t.co/Rwa7rFuhYN #amazon,1.3112294072651612e+18
28,2020-09-30 09:00:34,XperienceDope,"Blasting Square Bizz - Happy Birthday right now on Pretty Dope Xperience Radio aka #BlackPandora

listen now and catch a wave!! https://t.co/VqKFopeoex  #nowplaying #np #RT  #NowStreaming #Streema Download Now #Alexa #GooglePlay #iOSAppStore #Amazon #",1.3112294398591877e+18
29,2020-09-30 09:00:11,yuki_nagase,"【ベビー服】ベスト10
zybaby ベビー服 ロンパース カバーオール 前開き 男の子 女の子 長袖 となりのトトロ コットン100%
https://t.co/vhp8B0ZaUe #Amazon",1.311229343763366e+18
30,2020-09-30 09:00:11,GafaOwlet,【Google Chromecast 第三世代】テレビの HDMI 端子に挿し込み、電源を入れたら、あとはスマートフォンをタップ。●話しかけるだけでストリーミングを開始。● https://t.co/4gQEvHrTBI #Google #Apple #Facebook #Amazon #GAFA,1.3112293426729697e+18
31,2020-12-01 16:15:08,AnkerOfficial,"Anker Nano has been upgraded to 20W!
The new and improved Anker Nano can now charge your new iPhone up to 3× faster.",1.3338068503078339e+18
32,2020-09-30 09:00:24,shinchaku,【発売日：2020/09/19】モブ子の恋　8巻 (ゼノンコミックス)  https://t.co/aCbgxujtu5 #amazon,1.3112293990191596e+18
33,2020-09-30 09:00:00,codigos_solo,"✂️Código en Soporte Movil Coche Rejilla Ventilacion Universal
https://t.co/PGin9dsNXf

 #codigos #cupones #chollos #aliexpress #banggood #ofertas #telegram #amazon #offers #gearbest #ebay
ℹ️ Ver código ⤵️",1.311229296804012e+18
34,2020-09-30 09:00:25,Ian_Green,"LAUNCH DAY TOMORROW!

My new book and study guide is coming out TOMORROW!

Join me at 12pm (BST) for my Facebook Live event where I will be discussing the book and giving away 5 copies for FREE.

#IanGreen #CheckingIntoFaith #BookLaunch #Amazon https://t.co/b074LaKlNL",1.3112294008940544e+18
35,2020-09-30 09:00:14,flealick_tweets,林眞須美死刑囚長男 - もう逃げない。~いままで黙っていた「家族」のこと~ https://t.co/X9fYgEQS7n… #和歌山カレー事件 #林眞須美 #冤罪 #上川陽子法相 #Amazon,1.3112293539177021e+18
36,2020-09-30 08:56:45,chollosyoferta,"#Chollo #Amazon 80% DESCUENTO Marmitek Connect AE24 UHD 2.0   Conversor HDMI, Extractor de Audio 4K60 (4:4:4) ARC, HDMI Salida “Audio Only”, Gris (08334)

Precio oferta: 116,04
Reacondicionado: 22,92

    👇👇👇👇👇👇👇
👉 https://t.co/r7aU6zJZ4I https://t.co/9tQxhNztoH",1.3112284792963727e+18
37,2020-09-30 09:00:26,shinchaku,【発売日：2020/09/10】ミステリと言う勿れ (7) (フラワーコミックスアルファ)  https://t.co/Jf1rzjbchU #amazon,1.3112294060320727e+18
38,2020-09-30 09:00:02,amzsuspends,Get Your Amazon Seller Account Reinstated Today. Contact Now #amazon #suspend https://t.co/TUJCP7xq45,1.311229304894886e+18
39,2020-09-30 09:00:25,shinchaku,【発売日：2020/09/04】ＭＦゴースト（９） (ヤングマガジンコミックス)  https://t.co/GejpqcvdAa #amazon,1.311229402303402e+18
40,2020-09-30 09:00:20,shinchaku,【発売日：2020/09/04】１日外出録ハンチョウ（９） (ヤングマガジンコミックス)  https://t.co/V35Ilv0u0H #amazon,1.3112293804259e+18
41,2020-09-30 09:00:18,buybooks_amazon,#BestBooks #Amazon #Leadership : DEEP WORK: RULES FOR FOCUSED SUCCESS IN A DISTRACTED WORLD --&gt; https://t.co/FeDC92HpXI,1.3112293721377587e+18
42,2020-09-30 09:00:04,darielgarner,#SteamDrills -The quiet light of distant stars had no equivalent in their currency Inequality #Climate #5Star #Amazon,1.3112293136818504e+18
43,2020-09-30 08:58:57,benrideotoku22,KVART フロア/読書ランプ ワークランプ 【続きは記事で！】 https://t.co/HPxNLfLLnG #amazon,1.3112290345466225e+18
44,2020-09-30 09:00:27,yuki_nagase,"【ベビー服】ベスト10
Baby nest ベビー服 女の子 キッズ ワンピース フォーマル 結婚式 ベビーギフト お宮参り 発表会 七五三 花柄 ベージュ 赤ちゃん 子供ドレス アンティーク レースドレス 80cm 9-12ヶ月
https://t.co/z2124640Ft #Amazon",1.3112294099410207e+18
45,2020-09-30 08:56:59,hispachollos,"🌀 ZUNTO Portarrollos Baño Acero Inoxidable - Portarrollo para Papel Higiénico Autoadhesivo Para Baños. #Amazon 🇪🇸

🕘 PRECIO FLASH: 7,64€

💶 Precio oferta: 10,99€ 💥

💳 Enlace: https://t.co/YFSgLixXde

✨ 30 días gratis de Amazon Music  ...
https://t.co/Hie1V4y1qe
#chollo",1.311228538931077e+18
46,2020-09-30 09:00:00,koikoi_hi,"AirPods Pro ケース 3点パーフェクトセット
(カバー カラビナ ストラップ)

販売開始記念特別価格：¥348（9/30 0:00現在）

#Amazon #AirPodsProケース

https://t.co/zszt2rzvTK",1.3112292989095485e+18
47,2020-09-30 09:00:35,Debbie_Cleo,"Paperback now available to order! 🤩📖❤

Check out my latest book, a collection of short stories from over the years. A mixed bag of genres to suit everyone 😊 

£3.99 paperback
99p Kindle

https://t.co/30gegcZOW4

#books #shortstories #ShortStorySept #Amazon #book #newbooks",1.311229442170278e+18
48,2020-09-30 08:58:56,PJ154,#PPAP から、進歩はしてないような。Amazon活用の日記 https://t.co/Q1D85wxhl0 #Amazon #プライムデー #プライム ピコ太郎さんによる「PPAP」のプライムデーバージョン「APPD」 https://t.co/94Wngb1r3a　とりあえず Music Unlimited がキャンペーンで4ヶ月99円とか。,1.3112290279238124e+18
49,2020-09-30 09:00:10,ladyarcher1,"Enjoy a captivating and powerful romance. Grab your copy today. Available on paperback/Ebook  FREE on KU.
Freedom  https://t.co/lbU1fRNTqh 
#romance #contemporary #bookbub #goodreads #amazon #kindle #Amazonbooks #womensfiction #KBWorlds https://t.co/FCFS5cQ2Mt",1.3112293377445724e+18
,date,screen_name,tweet,tweet_id
0,2020-09-30 08:51:10,blogggedit,"Launching the new logo of the blog site!!

Visit: https://t.co/zg01hMnfRK now!

#comment down how is it?

#WritingCommunity #bloggerstribe #blogging #Amazon #retweet #amwriting #NEW https://t.co/1VYXHDfQuN",1.3112270743722312e+18
1,2020-09-30 08:50:00,the_hindu,E-tailers like #Amazon and #Flipkart usually hire thousands of people in temporary delivery and support roles to handle the high volume of orders during sale period https://t.co/JC0629Gctr,1.3112267791982633e+18
2,2020-09-30 08:51:03,GabrielaTravels,"Last Chance! Would you like to win a $50 Amazon Gift Card or PayPal Deposit? Check out this easy entry Gleam giveaway for a chance to #WIN

Open Worldwide

@GooseGiveaways #wingiftcard #wincash #amazon #paypal #winmoney #sweepstakes #giveaways https://t.co/KZ0LW22kwL",1.3112270443495178e+18
3,2020-09-30 08:50:10,DevanshDigital,"Tata Sampann Green Moong, Whole, 500g by #Tata 

https://t.co/GiVROtn2qG via @amazonIN 

Price:₹ 76.00 (₹ 152.00 / kg) Pantry badge
#Amazon #AmazonPantry #TataSampann #Green #MoongDal #Unpolished",1.3112268235821793e+18
4,2020-09-30 08:52:17,Pizzazz_Books,"Evil comes in all shapes and forms.
★DANGEROUS REACH★
🦉https://t.co/sXx3VHnkLQ

https://t.co/UKVN6SHwWH #ASMSG #amazon
""@CynB_Ainsworthe
✎via Pizzazz Book Promotions https://t.co/OfIQDxahgO
https://t.co/ZpopaWiJDQ",1.3112273528574116e+18
5,2020-09-30 08:56:16,ItaliaPromo,"#offerta KAMI Wire-Free è in offerta-lancio su #Amazon a soli 66,49€ (30% di #sconto) con il codice✂KAMIHOME30
QUI&gt;https://t.co/pRsbbhaUcI

#offerte #saldo #sconti #promozione #promozioni #ipcam #domotica #sicurezza #casa #camera #vidoesorveglianza #PROMO #risparmio #risparmi https://t.co/F5KvSvwHD0",1.3112283554092155e+18
6,2020-09-30 08:55:56,meet_ghoghari,"https://t.co/E8L4d31dRs
RS.398 BUY NOW 
#Amazon #AmazonIndia #Amazon 
@amazon @amazonIN @AmazonUK",1.3112282717706895e+18
7,2020-09-30 08:48:00,AAQUIBK123,"#Amazon
I ordered morpho fingerprint device and he delivered me Ghadi detergent
Fraud amazon https://t.co/d8u9aZPPGm",1.311226275902546e+18
8,2020-09-30 08:54:02,CreativeConstr,Amazon will now let you pay with your palm in its stores  #amazon  #biometrics  #handpayment  #innovation  #payment  #retail https://t.co/sPkmKegoSr https://t.co/4PD6kqmFmw,1.311227793393488e+18
9,2020-09-30 08:56:15,rakten_kaden_,"09/30 17:56

トレビーノ　カートリッジセット　STCT2J−Z　
【楽天】3239円
【Amazon】3450円

★楽天で購入すると★
 211円 お得（お得率7％）

↓お得な情報を一覧で確認出来るサイト
https://t.co/kMQYxgL6Rh

#楽天市場 #Amazon #お得 #せどり https://t.co/y6lYeGeANV",1.3112283544947835e+18
10,2020-09-30 08:51:15,rakten_kaden_,"09/30 17:51

（納期目安：1.5ヶ月〜）シャープ 【右開き】7．
【楽天】139800円
【Amazon】264280円

★楽天で購入すると★
 124480円 お得（お得率89％）

↓お得な情報を一覧で確認出来るサイト
https://t.co/kMQYxgL6Rh

#楽天市場 #Amazon #お得 #せどり https://t.co/W9Z6809eOY",1.3112270944880845e+18
11,2020-09-30 08:52:46,hispachollos,"🌀 Auriculares Bluetooth, HOMSCAM Auriculares inalámbricos QCY Bluetooth 5.0 Sonido Estéreo Auricular Mini Twins In-Ear Auriculares Carga Rapida Resistente al Agua con Caja de Carga. #Amazon 🇪🇸

🕘 PRECIO FLASH: 18,13€

💶 Precio oferta ...
https://t.co/23di3iJfXy
#chollo",1.3112274769500324e+18
12,2020-09-30 08:49:13,HarteyWM,"Our book ""How to survive the sharks is available on #Amazon"" All proceeds go to the Charlotte Hartey Foundation.  It's about how to survive the #sharks who add in hidden charges by selling their own funds:

 https://t.co/Y4FDzYONTp   

#IFA #chestertweets https://t.co/x5mMwUwAl8",1.3112265844735222e+18
13,2020-09-30 08:55:17,Canalchollacos,"Enlace al post completo: https://t.co/vVHu6pChtC 
‍ CHOLLO TABLET!! #Amazon | #Informática

Tablet Fire 7, Reacondicionado certificado, Pantalla de 7, 16 GB, Negro. Ideal para niños, jugar, ver YouTube, prime video, neflix... etc

     Antes:  62,99 €
    PRECIO OFERTA: 43,… https://t.co/7i03NxX7zV",1.3112281085493535e+18
14,2020-09-30 08:47:57,Allied_MR,"RT @Allied_MR: Gift cards Market size w is projected to reach $1,922.87 billion by 2027
Enquiry Now : https://t.co/jfyCe1lxtx

#smartcards #prepaidcards #giftcards #fuelcards #paymentcards  #payments #giveaway #amazon #amazongiftcard https://t.co/24N5Vv78dr",1.3112262660419543e+18
15,2020-09-30 08:50:30,chopin_club,"Shooting at #Florida #Amazon
FC leaves 1 dead and one with gun shot wound.  

Police and emergency vehicles responded Tuesday night to reports of an incident at the Amazon fulfillment center on Jacksonville's Northside
@USATODAY https://t.co/TSUPwjF1B8",1.3112269052412887e+18
16,2020-09-30 08:49:18,walkingtreetech,"Check out our latest article where we compared these 3 Kubernetes services &gt;&gt;&gt; https://t.co/cxIa2nuBky

#kubernetes #aks #eks #gke #google #azure #amazon #technology #comparision",1.3112266028359885e+18
17,2020-09-30 08:55:13,Canalchollacos,"Enlace al post completo: https://t.co/FsqQBoTlNr 
‍ BAJADA ARIEL!  #Amazon | #Salud

Ariel Allin1 Pods Color - Detergente en cápsulas para la lavadora, óptimo para mantener el color y brillo de tus prendas, 108 Lavados

     Antes:  33,49€
    PRECIO OFERTA: 24,99€
   Enlac… https://t.co/l1OD91HvF6",1.311228094913577e+18
18,2020-09-30 08:48:57,chollosyoferta,"#Chollo #Amazon 94% DESCUENTO Bloc Skylight Store Ck01 pour fenêtres de Toit VELUX Blockout, pâle Pierre

Precio oferta: 53,87
Reacondicionado: 3,16

    👇👇👇👇👇👇👇
👉 https://t.co/zU9wjyrVRt https://t.co/Dmh1eqveCD",1.3112265160182784e+18
19,2020-09-30 08:49:25,FBAmonthly,"New Amazon Account Health Rating feature @tamebay #amazon #amazonseller #fbamonthly #amazonnews #amazonsellernews #newissue #fbanews #sellernews  

https://t.co/OcDLDX1Fhl https://t.co/dqcNTQ8Zq5",1.3112266317725e+18
20,2020-09-30 08:48:01,Bummelwelt,#Amazon 30% Gutscheincode auf #alles für Amazon Business Neukunden : https://t.co/YyLNJsy4YQ,1.311226281980199e+18
21,2020-09-30 08:53:59,MeplaySa,"The perfect gift doesn't need wrapping 🎁.
Buy me-wallet Top ups online
https://t.co/ZWGoQK8Kpq
--

#meplay #meplaygames #amazon #steam #netflix #itunes #gaming #gamers #videogames #Digitalgames #gamerslife #SouthAfrica https://t.co/GZQyxYe3W1",1.3112277807183626e+18
22,2020-09-30 08:56:02,janne_1616,"ワンランク上の音質を、3か月無料でお試し頂けます🎶
もちろん、お試しのみしたい方なら期間中の解除なら無料で料金なし。

#Amazon

詳しく見る➡https://t.co/Xbe55LYcK4 https://t.co/fzExgIKJ5f",1.311228299604091e+18
23,2020-09-30 08:53:33,creativemm12,"#ADOME Women Sexy Ruffle Lace Babydoll Lingerie Sleepwear Floral Chemises Dark Red #ADOME for $14.99 
https://t.co/3sA7Jq4W8f
#followtrick
#buyandship
#amazon
#Titans
#Gillian #Keegan
#128 #WATERLOO",1.3112276757599314e+18
24,2020-09-30 08:52:26,dev_discourse,"Meet #AmazonOne, a new contactless payment service that uses palm recognition 
#biometric #Amazon
https://t.co/8VRalzmre8",1.3112273919440323e+18
25,2020-09-30 08:49:39,blogosum,"#Books to cut the #road: The Road to Little Dribbling: Adventures of an American in Britain by Bill Bryson

 https://t.co/KiAdXYR3SK

 #amazon #amazondeals #deals #travel #goodbook #reading #story #book #readbooks #favoritebooks #motivation #inspiration https://t.co/whxVkM1kw8",1.3112266903545324e+18
26,2020-09-30 08:50:19,OfertacularRL,"‼️💥 MÍNIMO HISTÓRICO 💥‼️ 👁‍🗨 #Ofertacular #Amazon #chollo #oferta #ganga

⚫️ Juego de cuchillos profesionales DEIK

🎟: ADZ4PGV5

🛒: ➡️ https://t.co/9UvzwBms7A ⬅️ https://t.co/YSqWoYM5gh",1.311226858328019e+18
27,2020-09-30 08:55:00,kcsowriter,"FALLOUT by @harmony_kent is available to buy via #Amazon in ebook &amp; paperback. A #postapocalyptic Novel. Reviewer says: ‘If you like dark, dangerous, and a little bit demented, this is the novel for you.’ https://t.co/4qOBDVSQxM #ASMSG #IARTG FREE on #KindleUnlimited #CoPromos",1.3112280375061094e+18
28,2020-09-30 08:48:59,XperienceDope,"Blasting Saigon - Nunya (Dirty) right now on Pretty Dope Xperience Radio aka #BlackPandora

listen now and catch a wave!! https://t.co/VqKFopeoex  #nowplaying #np #RT  #NowStreaming #Streema Download Now #Alexa #GooglePlay #iOSAppStore #Amazon #",1.3112265253714657e+18
29,2020-09-30 08:53:47,MaxiChollo,"‍SUPER OFERTA ❗️🔸 #Amazon | #Electrónica
📣Energy Sistem Extra Battery 5000 Black (5000mAh, Tablets y Smartphones, Cable Integrado, indicador LED)

⛔️ PVP: 19,90€ 
 ✅PRECIO OFERTA: 5,99€ 

   ⤵️ Link de compra
   🌐 https://t.co/K8H6dNCo0S

Visto en https://t.co/HGTfnxg2wd https://t.co/K9lUflsP99",1.311227731070382e+18
30,2020-09-30 08:48:30,mkumagai0417,"@yuirii_murayama @Sakii_Kitazawa @BIGONEGIRLS #Amazon に予約してしました。
今日は見れないけど、明日届くかな？
🍎❤️
#村山彩希
#北澤早紀
#北山さきりんご",1.3112264036484997e+18
31,2020-09-30 08:50:01,ItaliaPromo,"#Amazon Lista Nascita
Risparmia fino al 20% qui https://t.co/JeI72ZTV3F

#Amazon #amazonprime #AmazonPrimeDay
 #PrimeDay #bimbo #bimbi #bambino #bambini
 #offerte #sconti #sconto #saldi #saldo #PROMO #promozione #promozioni #occasione #occasioni #gratis #spedizione #battesimo https://t.co/VMSfcnuUNO",1.3112267827256648e+18
32,2020-09-30 08:55:43,DevanshDigital,"Amazon Brand - Vedaka Premium Red Masoor Whole, 1kg by #Vedaka 

https://t.co/616pARmKAy via @amazonIN 

Price:₹ 100.00 Pantry badge
#Amazon #AmazonBrand #AmazonPantry #Masoor #RedMassor #MasoorDal #Dal",1.3112282194759352e+18
33,2020-09-30 08:55:00,shadowconn,CARVEx Black Leather Journal Tree of Life H... by CARVEx for $22.99 https://t.co/0mw29ZzDwB via #amazon,1.3112280371203072e+18
34,2020-09-30 08:53:03,XperienceDope,"Blasting Joel Ortiz - Ups and Downs (Dirty) right now on Pretty Dope Xperience Radio aka #BlackPandora

listen now and catch a wave!! https://t.co/VqKFopeoex  #nowplaying #np #RT  #NowStreaming #Streema Download Now #Alexa #GooglePlay #iOSAppStore #Amazon #",1.3112275473263084e+18
35,2020-09-30 08:51:57,FBAmonthly,"10 Awesome PPC Text Ads @JumpFly #amazon #amazonseller #fbamonthly #amazonnews #amazonsellernews #newissue #fbanews #sellernews  

https://t.co/OcDLDX1Fhl https://t.co/ro0aOW7UbE",1.3112272707873382e+18
36,2020-09-30 08:56:14,XperienceDope,"Blasting https://t.co/KwvjUk9oG3 - All of todays HITS! right now on Pretty Dope Xperience Radio aka #BlackPandora

listen now and catch a wave!! https://t.co/VqKFooWMPX  #nowplaying #np #RT  #NowStreaming #Streema Download Now #Alexa #GooglePlay #iOSAppStore #Amazon #",1.3112283487947653e+18
37,2020-09-30 08:54:03,JoelPintoRomero,"¡No saber ya no puede ser una excusa! Con una lectura de menos de 90 minutos, mi libro ""¿Vendedor?¿Yo? - Manual de #ventas para #emprendedores"" te lo pone todo muy fácil. Está a la venta en #Amazon por sólo 9,95€ - #ventas #emprendedores #compraloahora https://t.co/JLMCEvlyO4 https://t.co/xDD2P8rxiG",1.3112277985022116e+18
38,2020-09-30 08:49:39,Rose_black_01,ドラクエベビー&amp;キッズ スタイ&amp;帽子セット キングスライム https://t.co/MfbYMazFvn #Amazon,1.3112266915790438e+18
39,2020-09-30 08:47:55,FBAmonthly,"How an Amazon Bribery Scheme Became a $100 Million Swindle @business #amazon #amazonseller #fbamonthly #amazonnews #amazonsellernews #newissue #fbanews #sellernews

https://t.co/OcDLDX1Fhl https://t.co/HyWIVRy5z5",1.3112262574937457e+18
40,2020-09-30 08:52:40,ItaliaPromo,"#telefonia tanti accessori in #offerta su #Amazon 
Custodie cover pellicole display batterie cuffie auricolari caricabatterie e altro qui&gt;https://t.co/AxbsDD0m6i

#cellulari #cellulare #smartphone #telefonini #sconti #sconto #offerte  #Saldo #saldi #promozioni #postemobile https://t.co/NhLyAQqZiy",1.3112274499094036e+18
41,2020-09-30 08:56:33,Akeo_Tech,"Amazon has introduced a new biometric device that will allow shoppers to pay at Amazon Go stores in the US using their 'palm'.

#Innovation #Digital #Contactless #Payments #Biometrics #Amazon https://t.co/gsAvkxwU2x",1.3112284281342198e+18
42,2020-09-30 08:52:03,YourStoryCo,"#JobsForAll - Leading ecommerce marketplace #Amazon India has created more than 100,000 temporary jobs in its network to prepare for the forthcoming festive season demand.

@amazonIN @amazon

https://t.co/i86gZ7yNVU",1.3112272946236867e+18
43,2020-09-30 08:53:41,ChollosDescubre,"‍SUPER OFERTA ❗️🔸 #Amazon | #Electrónica
📣Energy Sistem Extra Battery 5000 Black (5000mAh, Tablets y Smartphones, Cable Integrado, indicador LED)

⛔️ PVP: 19,90€ 
 ✅PRECIO OFERTA: 5,99€ 

   ⤵️ Link de compra
   🌐 https://t.co/EIf1UMqq3q

Visto en https://t.co/HW2VwUc9d2 https://t.co/Fy4huOhjbj",1.311227706927915e+18
44,2020-09-30 08:51:05,FBAmonthly,"Amazon’s new automated appeal procedure has third-party sellers confused and in limbo @born2invest #amazon #amazonseller #fbamonthly #amazonnews #amazonsellernews #newissue #fbanews #sellernews  

https://t.co/OcDLDX1Fhl https://t.co/YKOg8kitxp",1.311227051530023e+18
45,2020-09-30 08:52:34,DevanshDigital,"Amazon Brand - Vedaka Popular Kabuli Chana / Chhole, 1 kg by #Vedaka 

https://t.co/ijjQUmSl25 via @amazonIN 

M.R.P.:₹ 220.00
Price:₹ 106.00 (₹ 212.00 / kg) Pantry badge
You Save:₹ 114.00 (52%)
#Amazon #AmazonBrand #AmazonPAntry #KabuliChana #Chhole #1kg",1.311227427561984e+18
46,2020-09-30 08:56:42,HaunsiAppmann,"⚠️  Amazon droht mit „Handerkennung“!
Zum Artikel: https://t.co/4VpZBNxwe2
ps: Twitter warnt vor diesem Link 😆

#Amazon #AmazonOne #NWO https://t.co/WW88xJdYbd",1.3112284681647882e+18
47,2020-09-30 08:53:52,CholloLinkES,"‍SUPER OFERTA ❗️🔸 #Amazon | #Electrónica
📣Energy Sistem Extra Battery 5000 Black (5000mAh, Tablets y Smartphones, Cable Integrado, indicador LED)

⛔️ PVP: 19,90€ 
 ✅PRECIO OFERTA: 5,99€ 

   ⤵️ Link de compra
   🌐 https://t.co/sYj48jipfa

Visto en https://t.co/JpQzg3pNYP https://t.co/LIxikCN1gJ",1.3112277553595433e+18
48,2020-09-30 08:55:54,114514Bosyu,"Amazon無料商品購入案件

Amazonにて商品が無料で購入出来る案件があります！

商品は転売、使用、なんでも大丈夫

転売で出た利益はあなたのものです

もちろん、違法性皆無です

希望の方はDMまでお願い致します☺

#Amazon
#転売
#副業
#バイト
#高収入",1.3112282659362488e+18
49,2020-09-30 08:53:46,FBAmonthly,"Amazon Marketplace is Not International Except for China @MarketplacePuls #amazon #amazonseller #fbamonthly #amazonnews #amazonsellernews #newissue #fbanews #sellernews  

https://t.co/OcDLDX1Fhl https://t.co/ZEwljkbRrw",1.311227727396053e+18
,date,screen_name,tweet,tweet_id
0,2020-09-30 08:45:29,belbex_com,"Patrizia y Real I.S. negocian la venta del almacén de #Amazon en #Getafe https://t.co/FKCvgC73jK, vía @EjePrime",1.311225641728172e+18
1,2020-09-30 08:46:02,elsuperchollo,"⏱ No lo dejes escapar ⏱ #Amazon 

NIKE - G NSW Favorites Swsh Tight Pantalones de Deporte, Niñas 

💰 Rebajado al 36% 

💵 Precio desde 14,78 EUR

🔰 Enlace: https://t.co/EeqWKZGIUs 

🌐 https://t.co/3R8JyRkmFu https://t.co/RDWwXhUWKo",1.311225783260713e+18
2,2020-09-30 08:42:31,bmurphypointman,"#digitalmarketing #marketing #amazon #affiliateprogram Webtalk pays you for doing exactly what you do on social media! Just post, like, share. When people also do the above on your posts, you earn! https://t.co/eyZ6imGbFE",1.3112248989001605e+18
3,2020-09-30 08:43:51,JulienUsclade,"Last Chance! Would you like to win a $50 Amazon Gift Card or PayPal Deposit? Check out this easy entry Gleam giveaway for a chance to #WIN

Open Worldwide

@GooseGiveaways #wingiftcard #wincash #amazon #paypal #winmoney #sweepstakes #giveaways https://t.co/HheyrJO63S",1.3112252329513042e+18
4,2020-09-30 08:44:21,XperienceDope,"Blasting Artifacts - The Ultimate (Original) (Dirty) right now on Pretty Dope Xperience Radio aka #BlackPandora

listen now and catch a wave!! https://t.co/VqKFopeoex  #nowplaying #np #RT  #NowStreaming #Streema Download Now #Alexa #GooglePlay #iOSAppStore #Amazon #",1.3112253569181573e+18
5,2020-09-30 08:43:39,jockercyto,"SECRETO HEREDADO, by Juan De Haro. Léela antes de que te desvelen el secreto.
https://t.co/Wrbu9tjQjF
#Romance #Amazon #Misterio https://t.co/zTT7wWFIZu",1.311225181281624e+18
6,2020-09-30 08:39:20,Librosxdoquier,"Hoy #RecomendamosLeer una novela que te sorprenderá #OrillasProfundas @franc_murcia #Amazon #AmazonKindle #novelanegra
Puedes adquirir un ejemplar en papel o ebook 👇
📱📗https://t.co/0RfayJwxOT https://t.co/e10nsA584n",1.3112240978046976e+18
7,2020-09-30 08:42:52,JVR33702483,"#TheArabianTomb

Yo! He! The Arabian Tomb 🇸🇦 is now on Amazon 🙌🏽;

https://t.co/Z22sXcdTNG

#Amazon #Music #Electro #Arabia #Arabian #ArabianMusic #JVR #Rams #JVRRams #artist #producer #Electronic #Eastern #east #NL #Dutch #Hulshorst #Culture #wednesdaymorning #USA",1.3112249840067297e+18
8,2020-09-30 08:45:58,reinadellowcost,"🌟 [𝗟𝗮 𝗿𝗲𝗶𝗻𝗮 𝗱𝗲𝗹 𝗟𝗼𝘄𝗰𝗼𝘀𝘁] 🌟

🔊 Neewer NW625 GN54 Speedlite Flash Canon Nikon Panasonic Olympus Pentax Fuji DSLR Cámaras sin Es #amazon

🌍 Enlace: https://t.co/aVUe3auHmT

Te esperamos en telegram: https://t.co/Jxndx9pJCJ https://t.co/WL97M2TifZ",1.3112257634091254e+18
9,2020-09-30 08:39:09,INDIEBOOKSOURCE,"#SHERLOCK
AUDIOBOOKS
https://t.co/khSPWHXouV
Narrated by Steve White
#AUDIOBOOK
#Books #IARTG #Kindle #Amazon #ReadIndie #indieauthors #ian1 #bookboost
#audiobooks https://t.co/R1lkb7SRr9",1.311224048966398e+18
10,2020-09-30 08:39:42,CGDSociety,"Calling all Amazon shoppers! Did you know that the CGD Society can receive a donation of 0.5% of your net purchase price every time you shop with Amazon - at no cost to you? 

Just visit https://t.co/vNTgtUyzgs &amp; select us as your chosen charity #CGD #Amazon #donation #shopping https://t.co/nXOPjNGUfj",1.3112241885192274e+18
11,2020-09-30 08:45:03,Lapequenaasia,"💻 #ASUS VivoBook 14 S433FL-EB072T - Ordenador portátil de 14"" FullHD ( #Intel Core i7-10510U, 8GB RAM, 512GB SSD, GeForce MX250, Windows 10)
Precio: 8️⃣9️⃣9️⃣€
#Amazon

👉https://t.co/HqZpSytihD https://t.co/JjSeR8PM17",1.3112255336870953e+18
12,2020-09-30 08:43:16,economiadehoyes,La #CNMC concluye que #Amazon realiza labores de #operadorpostal y que debe cumplir con la normativa del sector postal | Economía de Hoy https://t.co/vY3UC3qvdz,1.3112250867085148e+18
13,2020-09-30 08:45:57,OnlyGearBest,"🌟 [𝗢𝗻𝗹𝘆 𝗚𝗲𝗮𝗿𝗯𝗲𝘀𝘁] 🌟

🔊 Neewer NW625 GN54 Speedlite Flash Canon Nikon Panasonic Olympus Pentax Fuji DSLR Cámaras sin Es #amazon

🌍 Enlace: https://t.co/FP0mbtdyte

Te esperamos en telegram: https://t.co/mPaN5u2fFj https://t.co/nf6Oaz55Ee",1.3112257595125678e+18
14,2020-09-30 08:46:15,rakten_kaden_,"09/30 17:46

東レ トレビーノ 浄水器 カセッティ交換用カートリ
【楽天】3278円
【Amazon】4480円

★楽天で購入すると★
 1202円 お得（お得率37％）

↓お得な情報を一覧で確認出来るサイト
https://t.co/kMQYxgL6Rh

#楽天市場 #Amazon #お得 #せどり https://t.co/Gx8BfBIQOO",1.3112258348295619e+18
15,2020-09-30 08:41:09,DevanshDigital,"Tata Sampann Unpolished Toor Dal/Arhar Dal, 1kg by #Tata 

https://t.co/KAz7ffgvgU via @amazonIN 

M.R.P.:₹ 145.00
Price:₹ 132.00 Pantry badge
You Save:₹ 13.00 (9%)
#Amazon #TataSampann #ToorDal #ArharDal #Unpolished #1kg",1.3112245536291267e+18
16,2020-09-30 08:45:47,hispachollos,"🌀 Hatteker Cortapelos Electrónico Recortadora Hombres Maquina Cortador Pelo Cortadora de Pelo Recargable Máquina Afeitar de Barba/Cara/Cuerpo. #Amazon 🇪🇸

🕘 PRECIO FLASH: 25,20€

💶 Precio oferta: 39,99€ 💥

♻️ Reacondicionado: 29,39€
 ...
https://t.co/x3MDqfYNNf
#chollo",1.311225719377322e+18
17,2020-09-30 08:41:29,apploaders,The latest The Apploaders Daily! https://t.co/t54FMlxcct Thanks to @pracucci @maurovanetti @TuttoAndroid #csharp #amazon,1.311224636076589e+18
18,2020-09-30 08:46:10,LancsUniLEC,"“Secondary #forests have an incredible potential to store large quantities of carbon... without a drastic decline in the rate of #deforestation their environmental benefits will continue to be undermined,” says Charlotte Smith (@cs422) 

📰News: https://t.co/HuTgb0sN41
#Amazon",1.311225817544958e+18
19,2020-09-30 08:40:03,chicachick_2,"EL INVIERNO DE UN SUEÑO de M. Victoria Peset
📱https://t.co/nHQbOnfXEd
📖https://t.co/Sh2UQRqrr2
Y en @Litworldgroup 
📚https://t.co/6KghuCKIF3
Entregada a su familia, se ve abrumada por las burlas de hijos y nietos cuando les cuenta su intención.
#queleer 
#Amazon 
#Reading https://t.co/ttiBH1TM1x",1.3112242757734113e+18
20,2020-09-30 08:44:27,RichCash777,"Winning numbers for the September 29, 2020 Mega Millions drawing

#MegaMillions #MegaMillionsNumbers #lottery #lotterywinner #books #ebooks #Amazon #AmazonBooks #AmazonKindle #Kindle #KindleBooks #KindleEbooks #KindleUnlimited #KindleOwnersLendingLibrary #KindleLendingLibrary https://t.co/rl93Oi9uMQ",1.3112253834722386e+18
21,2020-09-30 08:42:05,ArisoniaI,"#Meravigliosa #qualità dei #materiali e #funzionamento #perfetto #Hub #USB C #multiporta-ARISONIA
#Acquista ora-💻
👇
https://t.co/6Vbe6OkaqM
#adattatore #pc #taccuino #portatile #iphone #cavo #dati #Amazon #samsung #tecnologia #android #computer #accessories #Shazam #BillGates https://t.co/rncFRiHe9l",1.3112247881285878e+18
22,2020-09-30 08:43:13,AppDropped_UK,"Check out this #Amazon Bestseller - Lenovo V130-14IKB (81HQ00KUUK) 14 Full HD Laptop (Inte for £620
https://t.co/DAGSNnh9Rx https://t.co/v5pLugwKZC",1.3112250741255455e+18
23,2020-09-30 08:46:34,Allied_MR,"Gift cards Market size w is projected to reach $1,922.87 billion by 2027
Enquiry Now : https://t.co/jfyCe1lxtx

#smartcards #prepaidcards giftcards #fuelcards #paymentcards  #payments #giveaway #amazon #amazongiftcard https://t.co/24N5Vv78dr",1.311225916237009e+18
24,2020-09-30 08:45:52,jockercyto,"Rostro de cristal, by Juan de Haro
OFERTA --&gt; https://t.co/ONGcb31MIJ

Mary Jane lucha por desmentir las palabras de su madre: «Eres fea,  hija, no tienes remedio».
Un estremecedor relato que analiza íntimamente la vida de una psicópata hasta su trágico desenlace.
#Kindle #Amazon https://t.co/GC2MTZHpBU",1.3112257393253417e+18
25,2020-09-30 08:44:19,cotiess1,"Last Chance! Would you like to win a $50 Amazon Gift Card or PayPal Deposit? Check out this easy entry Gleam giveaway for a chance to #WIN

Open Worldwide

@GooseGiveaways #wingiftcard #wincash #amazon #paypal #winmoney #sweepstakes #giveaways https://t.co/SPVZjcQPwy",1.311225351767556e+18
26,2020-11-10 19:27:48,amazon,"Shanika, a leader with the Amazon Future Engineer program, fights for equal access to STEM education. She's committed to providing quality, hands-on learning for all students, no matter their zip code or skin color.",1.3262451923539968e+18
27,2020-09-30 08:45:58,MenudoPaquete,"🌟 [𝗠𝗲𝗻𝘂𝗱𝗼 𝗣𝗮𝗾𝘂𝗲𝘁𝗲] 🌟

🔊 Neewer NW625 GN54 Speedlite Flash Canon Nikon Panasonic Olympus Pentax Fuji DSLR Cámaras sin Es #amazon

🌍 Enlace: https://t.co/CQnjVaTQqe

Te esperamos en telegram: https://t.co/IbEojfZpa4 https://t.co/inKdisKKnI",1.3112257670749512e+18
28,2020-09-30 08:39:11,iganagi,"キム・ラッキの人体ドローイング https://t.co/cRPzyK8IHp #Amazon

これ",1.3112240598839706e+18
29,2020-09-30 08:41:57,creativemm12,"👉https://t.co/1GrRmDd8Tc #amazon👈
💯👉Auto Follower👈💯
💯👉#自動相互フォロー👈💯

#autofollower
#Bad #Bunny #Crocs
#Eric #Trump
#White #Sox
#TeamFollowBack
#TeamFollowback
#TFB
#相互RT
#相互リツイート
#followtrick
#bts
#seventeen",1.311224752724271e+18
30,2020-09-30 08:47:18,DevanshDigital,"Amazon Brand - Vedaka Raw Peanuts, Pink, 1kg by #Vedaka 

https://t.co/ZaB0ayjmAe via @amazonIN 

M.R.P.:₹ 180.00
Price:₹ 160.00 Pantry badge
You Save:₹ 20.00 (11%)
#Amazon #AmazonBrand #AmazonPantry #RawPeanuts #Peanuts",1.3112260998928466e+18
31,2020-09-30 08:41:14,rakten_kaden_,"09/30 17:41

【正規品 送料無料 あす楽 海外対応】クレイツイオ
【楽天】5980円
【Amazon】6061円

★楽天で購入すると★
 81円 お得（お得率1％）

↓お得な情報を一覧で確認出来るサイト
https://t.co/kMQYxgL6Rh

#楽天市場 #Amazon #お得 #せどり https://t.co/cEu5qZtShC",1.3112245747935887e+18
32,2020-09-30 08:43:19,jlmartinez2215,Sobre #Amazon y sus #robots https://t.co/1VNLT2A5xh,1.3112251003441398e+18
33,2020-09-30 08:44:46,franvicente97,"¿Sabéis lo que va a pasar con las #tasas de #Amazon, #Facebook y #Google? Que la vamos a acabar pagando nosotros.",1.311225461830234e+18
34,2020-09-30 08:45:47,cwbmagazine,Amazon introduces Climate Pledge Friendly to help customers shop for sustainable products. https://t.co/Kyt0HOCgSc #Amazon #climatepledgefriendly #Sustainability #retail,1.311225717267587e+18
35,2020-09-30 08:40:02,DebraUllrick,"Warned repeatedly by God &amp; others, and now its too late? FOREWARNED https://t.co/1sPRyz5Fb3 #Christianfiction #romance #Amazon",1.3112242723884892e+18
36,2020-09-30 08:39:44,creativemm12,"👉https://t.co/oOqfljs2VI #amazon👈
💯👉Auto Follower👈💯
💯👉#自動相互フォロー👈💯

#FollowBack
#Astros
#Eric #Trump
#Hillary #Clinton
#FollowNGain
#followermachine
#フォロバ100パーセント
#followtrick
#500ADay
#相互フォロー100
#固定ツイートRT
#固定RT",1.311224197721387e+18
37,2020-09-30 08:43:59,yespunjab,"#Amazon creates over 1 lakh #jobs ahead of festive season

@amazon @amazonIN 

https://t.co/9dRO1tGiQt",1.311225264773374e+18
38,2020-09-30 08:44:13,christpatsi,"#Amazon launches a virtual tours and experience platform, Amazon Explore. Includes shopping, travelling, education courses, in real time 1-1 comms between host and viewer. Currently on an invite-only for customers in the US https://t.co/loGv8Uj4rp",1.311225325486039e+18
39,2020-09-30 08:44:01,BookMillions,"Winning numbers for the September 29, 2020 Mega Millions drawing

#MegaMillions #MegaMillionsNumbers #lottery #lotterywinner #books #ebooks #Amazon #AmazonBooks #AmazonKindle #Kindle #KindleBooks #KindleEbooks #KindleUnlimited #KindleOwnersLendingLibrary #KindleLendingLibrary https://t.co/Y8J4DMcR2F",1.3112252754480128e+18
40,2020-09-30 08:40:21,lmsfva,"¡Ayudemos a nuestro cole!
Entra en https://t.co/RPEomE3BkS y participa en la iniciativa de #Amazon, que donará un porcentaje de tus compras en crédito virtual para el centro.
El éxito depende de tu participación y no cuesta nada. ¡Únete!
#JuntosSomosMásFuertes #UnClicParaElCole https://t.co/rW1jrRerG8",1.311224352667558e+18
41,2020-09-30 08:44:40,DevanshDigital,"Tata Sampann Moong Dal Split, 1kg by #Tata 

https://t.co/DSfRiW1bjk via @amazonIN 

M.R.P.:₹ 165.00
Price:₹ 148.00 Pantry badge
You Save:₹ 17.00 (10%)
#Amazon #TataSampann #MoongDal #Split",1.3112254390466232e+18
42,2020-09-30 08:41:24,AmazonNewsDE,"„Wir sind Experten für Nischen &amp; konnten bereits drei eigene Marken auf #Amazon launchen. Die vierte ist bereits in der Pipeline. In drei Jahren möchten wir unser DFNT Insektenspray weltweit verkaufen“, sagt Fabienne Zwick, Gründerin aus Hamburg: https://t.co/tLPEoNo9em #primeday https://t.co/eZr8Ukm1Zs",1.3112246152812298e+18
43,2020-09-30 08:41:12,XperienceDope,"Blasting Mobb Deep - Boom Goes The Cannon (Dirty) right now on Pretty Dope Xperience Radio aka #BlackPandora

listen now and catch a wave!! https://t.co/VqKFopeoex  #nowplaying #np #RT  #NowStreaming #Streema Download Now #Alexa #GooglePlay #iOSAppStore #Amazon #",1.3112245652055368e+18
44,2020-09-30 08:45:13,TNTECH_RS,"Have you heard about Amazon's initiative: ""Hands of the wheel?""

The concept is #AI adoption to #automate repetitive jobs.

#Amazon #automation #automatedwork #automatedtasks #HandsOfTheWheel #HBR
https://t.co/kgMKvjvqZp",1.3112255760034365e+18
45,2020-09-30 08:42:19,chollosyoferta,"#Chollo #Amazon 62% DESCUENTO Uvex https://t.co/jQwxof9wlD 3000 CV Gafas de esquí, Adultos Unisex, Black Mat, One Size

Precio oferta: 77,63
Reacondicionado: 29,12

    👇👇👇👇👇👇👇
👉 https://t.co/hOJL9IMTE8 https://t.co/uFmyDaWNyB",1.3112248458128712e+18
46,2020-09-30 08:45:36,haarveenkaaur,"@FinservMARKETS Done

 #Unlock #contest #Amazon #FinservMARKETS 
@FinservMARKETS",1.311225674288345e+18
47,2020-09-30 08:42:22,miumiuMH,"棚からぼたもちってのはよ、要するに運がいいってことだべ。
運がいいって事は神様から愛されてるってことだ。（中略）神様たちも楽しいのが好きだから自然と集まってくるわけさ。結局、神様が集まる所にこそ運が開けるってわけよ。

たまちゃんのおつかい便 https://t.co/a2bbysRZoK… #Amazon",1.3112248600230298e+18
48,2020-09-30 08:45:16,app_xndr,"GTA IV Cheats app for #kindle #Fire and #FireHD https://t.co/cOuOdThNxK #Amazon . September 30, 2020 at 09:45AM",1.3112255903731343e+18
49,2020-09-30 08:42:58,GBRSedicii,Bring it on!! This promises to be the fight of the century!! ..... Brussels drafts rules to force Big Tech to share data #privacy #bigtech #google #apple #facebook #amazon https://t.co/EABBolMiwR via @IrishTimesBiz,1.3112250123938488e+18
,date,screen_name,tweet,tweet_id
0,2020-09-30 08:35:06,kana_ogawa,"【おしりふき】ベスト10
【おしりふき 詰替用】グーン 肌にやさしいおしりふき タップリッチ 1680枚(70枚×24個) [ケース販売] [Amazon限定ブランド]
https://t.co/ZvQOxor8GE #Amazon",1.311223029100208e+18
1,2020-09-30 08:35:32,kana_ogawa,"【おしりふき】ベスト10
【おしりふき 】ムーニーやわらか厚手 こすらずするりんっ 詰替 1920枚(60枚×32) [ケース品]
https://t.co/FtbgdKUGrG #Amazon",1.311223139947352e+18
2,2020-09-30 08:31:43,docomo_mymag,"／
📣本日23:59まで❣
まだ間に合う！
#dポイント プレゼント【毎日くじ】に今すぐ挑戦🎁
＼

簡単！タップするだけ👆
1,000ポイントGETのチャンス✨

#コンビニ
#ドラッグストア
#Amazon
で使えるdポイントが当たる！

#マイマガジン
詳しくはコチラ▶https://t.co/Bie0y8WHhD",1.3112221811965624e+18
3,2020-09-30 08:39:04,Braders_GTTO,Frontline #Amazon staff are still packed together in unsafe warehouses. Please join me and add your name to this open letter: #COVID https://t.co/gCZny9rjX9,1.311224028963709e+18
4,2020-09-30 08:35:15,GratisCasi,"⁠ MÁS BARATO #Amazon

Colgate - Triple Action - Enjuague bucal - 500 ml

AHORA 2.89€
Antes 3.10€ (- 0.21€)

: https://t.co/IG7M0HjY6B

Más chollos en OFERTACULAR
https://t.co/1aLHIgE0D3 https://t.co/ay6wnGuxRI",1.311223070401663e+18
5,2020-09-30 08:38:44,detikfinance,"Canggih! Raksasa e-commerce Amazon mengumumkan telah membuat alat pemindai sistem pembayaran melalui telapak tangan. Seperti apa caranya? #Amazon 
 https://t.co/qm5p0YSgUc",1.3112239445240504e+18
6,2020-09-30 08:32:00,domadomad,【XBOX360】お姉チャンバラZ ~カグラ~ 【CEROレーティング「Z」】 お色気な初回封入特典付き　https://t.co/Klcj9iOT5U #amazon,1.3112222524451185e+18
7,2020-09-30 08:35:27,kana_ogawa,"【おしりふき】ベスト10
純水99.9% ふんわり おしりふき 80枚×20個 (1600枚) 日本製
https://t.co/IopRpiWogo #Amazon",1.3112231179607695e+18
8,2020-09-30 08:30:53,reinadellowcost,"🌟 [𝗟𝗮 𝗿𝗲𝗶𝗻𝗮 𝗱𝗲𝗹 𝗟𝗼𝘄𝗰𝗼𝘀𝘁] 🌟

🔊 Duronic DM052-1 Elevador para Pantalla, Ordenador Portátil, Televisor - 56 x 24 cm- Cristal Tra #amazon

🌍 Enlace: https://t.co/qEl4a1kKu3

Te esperamos en telegram: https://t.co/Jxndx9pJCJ https://t.co/7nxbmIgo6p",1.3112219693633823e+18
9,2020-09-30 08:35:00,kana_ogawa,"【おしりふき】ベスト10
ムーニー おしりふき やわらか素材 純水99% 詰替 1920枚(80枚×24)【ケース品】
https://t.co/HiCc0sRtIK #Amazon",1.3112230071514522e+18
10,2020-09-30 08:31:56,AmazonReviewES,"¡Ese desayuno Chollero!⁣
⁣
Aquí van los chollacos: 🤘 --&gt; https://t.co/jh4usbbGa3⁣
#chollos #amazon #rebajas #gangas #barato #otoño #autumn #winterIsComming #cool #bufanda https://t.co/QBW0d1bAn7",1.3112222319980052e+18
11,2020-09-30 08:36:45,kimura_books,森見登美彦さんのリスペクトする作家さんです。　内田百閒 https://t.co/Jsr2vbNC26 #books #amazon,1.3112234466809938e+18
12,2020-09-30 08:35:43,omoino_kotodama,"【金運・健康運】を上げたい方におススメ！
森林を思わせる「癒しの石」アベンチュリンと最高の金運石ルチルクォーツを組み合わせたパワーストーンブレスです。
季節の変わり目体調には気を付けてお過ごし下さい☺️☘️
#Creema  #Amazon で販売中！全作品送料無料♪ 
https://t.co/WWgZuRMdMe https://t.co/ZJ5jsorWYI",1.3112231868102574e+18
13,2020-09-30 08:38:21,NextTechWhat,#Amazon Prime Brings In Show Preview Feature In India https://t.co/RYzeMDpgKa #news #ecommerce,1.311223847316869e+18
14,2020-09-30 08:31:47,chollosyoferta,"#Chollo #Amazon 53% DESCUENTO EXTEL 082504 Cam Erweiterungskamera Plus, schwarz

Precio oferta: 29,9
Reacondicionado: 13,91

    👇👇👇👇👇👇👇
👉 https://t.co/NU2jDN3f6D https://t.co/7uCSFGFmX7",1.3112221964639724e+18
15,2020-09-30 08:34:11,chollosyoferta,"#Chollo #Amazon 79% DESCUENTO Uvex Onyx Pola   Gafas de esquí (Talla única) Blanco White Matt Talla:Talla única

Precio oferta: 72,45
Reacondicionado: 15,2

    👇👇👇👇👇👇👇
👉 https://t.co/CBrsXPtqVp https://t.co/Vemm3upPaq",1.3112228017943142e+18
16,2020-09-30 08:37:10,Inkvine,"BOY!! I WOULD NEVER BELIEVE IT!! 

I FINALLY FOUND ONE OF THESE RARE PERSONS (might be 1 or 2) THAT ACTUALLY USE THE WHITEBOARD BULLSHIT B-TREE DISCUSSION DURING AN APPLICATION AT #google #amazon IN HER DAILY WORK! 

I AM SOOO EXCITED! (Sorry for capslock - Awesome presentation!) https://t.co/4BSAlyhOoh",1.3112235512911626e+18
17,2020-09-30 08:30:48,yuki_nagase,"【栄養補助食品】ベスト10
森永 栄養補助飲料 エンジョイクリミール 125ml×12本(人気の4種類×3本) 高カロリー エネルギー
https://t.co/Uo5dLptOOY #Amazon",1.311221946445525e+18
18,2020-09-30 08:37:00,youchan_777,@HarukiKai0628 https://t.co/v7uvfAkupm #Amazon,1.3112235070621204e+18
19,2020-09-30 08:36:14,rakten_kaden_,"09/30 17:36

ヤーマン　洗顔器　ミーゼ　クレンズリフト　ローズ　
【楽天】14850円
【Amazon】16500円

★楽天で購入すると★
 1650円 お得（お得率11％）

↓お得な情報を一覧で確認出来るサイト
https://t.co/kMQYxgL6Rh

#楽天市場 #Amazon #お得 #せどり https://t.co/OOOSIgnAkO",1.3112233147700634e+18
20,2020-09-30 08:34:52,XperienceDope,"Blasting Big Flip Papi ft Kool G Rap - Pour My Heart Out (Dirty) right now on Pretty Dope Xperience Radio aka #BlackPandora

listen now and catch a wave!! https://t.co/VqKFopeoex  #nowplaying #np #RT  #NowStreaming #Streema Download Now #Alexa #GooglePlay #iOSAppStore #Amazon #",1.3112229710637302e+18
21,2020-09-30 08:33:26,creativemm12,"&lt;Current Weather&gt;
Dallas
Temperature: 57.24°F/ Status: clear
👉https://t.co/xC7PMNWpKo #amazon👈
💯👉Auto Follower👈💯
💯👉#自動相互フォロー👈💯

#相互RT
#Astros
#Titans
#White #Sox
#followermachine
#固定RT
#TeamFollowback
#f4f
#フォロバ100パーセント
#FollowBac",1.311222609556566e+18
22,2020-09-30 08:38:30,V_Mannello,"#Amazon I #dati ""verranno inviati SOLO negli #StatiUniti"" .. Alla #CIA ed alla #NSA😂 https://t.co/lEwCIkfl3X",1.3112238846503608e+18
23,2020-09-30 08:30:37,yuki_nagase,"【栄養補助食品】ベスト10
Nestle(ネスレ) アイソカル 100 バラエティパック(高カロリー たんぱく質 栄養バランス ) 栄養補助食品 健康食品
https://t.co/UdkFNS65RX #Amazon",1.3112219026653757e+18
24,2020-09-30 08:30:36,WS_Klass,#follow #BN #read #darkathyx #series #fantasy #adventure #epic #amazon #wsklass #klassproductions #author #sarahlcolton @coltongirl #audiobook @audible https://t.co/rFS6YlSfvF,1.3112218972758098e+18
25,2020-09-30 08:31:13,rakten_kaden_,"09/30 17:31

フィリップス　PHILIPS　メンズシェーバー「シ
【楽天】15363円
【Amazon】16845円

★楽天で購入すると★
 1482円 お得（お得率10％）

↓お得な情報を一覧で確認出来るサイト
https://t.co/kMQYxgL6Rh

#楽天市場 #Amazon #お得 #せどり https://t.co/G48Bl2AbgU",1.3112220548725146e+18
26,2020-09-30 08:35:25,shoptimumTR,"🎨Kahverengi,
✅Plastik yapım,
🧺 Ekmek Sepeti,
💫İyi günlerde kullanmanızı dileriz.

👉Fiyat için DM
#shopping #onlineshopping #ekmeksepeti #sepet #amazon #gittigidiyor #hepsiburada #optimum #optimumshop #optimumbc https://t.co/muTUDpG890",1.3112231114345923e+18
27,2020-09-30 08:33:12,INTsushinsha,"私立大学とは教育を施すことを目的とした「経営体」である。この経営の大事さが、高等教育界の現場ではあまり認識されていないことが問題なのである。
『すべては学生のために―神奈川工科大学51年目からの挑戦』
https://t.co/ncuyq67uhy #Kindle #amazon",1.3112225522162688e+18
28,2020-09-30 08:34:07,best_deals_US,"Grab before its gone!
Nalgene Tritan Wide Mouth BPA-Free Water Bottle Lid, Black, 32 oz

Offer price: $2.99 (50% OFF!)
Retail: $5.99

https://t.co/33vcvlhQ5v

#Amazon #deals #RT https://t.co/f1aZeEO7X0",1.3112227837418496e+18
29,2020-09-30 08:35:48,kana_ogawa,"【おしりふき】ベスト10
【流せるおしりふき】Mama Bear (ママベアー) ベビー おしりふき 純水99.9% 流せるタイプ 60枚入x24個 (1440枚) [ケース品] [Amazonブランド] 日本製 パラベンフリー
https://t.co/HpDi0GG9r6 #Amazon",1.3112232057391596e+18
30,2020-09-03 18:26:48,LenovoLegion,"Lenovo Legion x @PlayApex
Now is your chance to rise above the rest. 
Unmatched performance, purposeful engineering, modern design.
Gear up with a machine as savage as you are.
Stylish outside.
Savage inside.",1.301587465258578e+18
31,2020-09-30 08:35:11,kana_ogawa,"【おしりふき】ベスト10
【おしりふき 】ムーニーやわらか素材 純水99% 詰替 640枚(80枚×8)
https://t.co/4cvytZXQQH #Amazon",1.3112230514977792e+18
32,2020-09-30 08:37:44,DevanshDigital,"Online shopping for Pulses Store on Pantry: Grocery &amp; Gourmet Foods at https://t.co/4xUANtdsES 

https://t.co/OOy5rLPZiq via @amazonIN 

#Amazon #AmazonPantry #Grocery #Gourmet #Foods #Pulses #Store #Pantry #PulsesStore",1.3112236932767089e+18
33,2020-09-30 08:35:22,kana_ogawa,"【おしりふき】ベスト10
水99.9% ふんわりおしりふき 640枚 (80枚×8)
https://t.co/Qu1Snk21w9 #Amazon",1.3112230959280865e+18
34,2020-09-30 08:30:48,saikrishna_rao,"A well written post to understand the ubiquitous Amazon Web Services

In the author @itunpredictable's own words ""A beginner's guide to what AWS is, what products they sell (around 170!), and how they price""

https://t.co/ycDUBCO9z3

#cloud #amazon #web #services #aws #technology",1.3112219477415158e+18
35,2020-09-30 08:36:44,michele_pinassi,"Dubito che #Amazon scriva da https://t.co/XGdR8ODqut attraverso un server canadese https://t.co/QBIpRmSPFU segnalandomi che il mio account è stato sospeso.

#servizioantiphishing #mail #fraudolente https://t.co/Q9Vc6yvOyR",1.311223443417903e+18
36,2020-09-30 08:36:29,13wCm,"裁断機はこういうブレードのほうがいいのかな...(・∀・)
＃裁断機
#amazon
#お買い物メモ

RAZOE の 裁断機 ペーパーカッター カッティングマシン A4 家庭用 仕事用 白 を Amazon でチェック！ https://t.co/x30IXJUFty via @amazon",1.3112233779530424e+18
37,2020-09-30 08:35:37,kana_ogawa,"【おしりふき】ベスト10
【https://t.co/u4EfhPUCmC限定】 純水99% おしりふき 「ポチ」 80枚入×20個 (1600枚)
https://t.co/qGR43FJPT5 #Amazon",1.311223161866711e+18
38,2020-09-30 08:32:02,Tux_Love,Great book bargains. #Bookplug #eReaders #Amazon #indiebookpromo #author #Kindiebookpromo https://t.co/8fgcX3mTBK,1.311222258661163e+18
39,2020-09-30 08:35:16,kana_ogawa,"【おしりふき】ベスト10
ピジョン おしりナップ (やわらか 厚手タイプ) 【こすらずすっきり・純水99% 無添加】 詰めかえ用 おしりふき 80枚入×16個パック (1280枚入)
https://t.co/0qgeqDun98 #Amazon",1.3112230734256947e+18
40,2020-09-30 08:35:20,Daniell03034224,"No review items - rebate by #paypal in 24 hours

#free #freebies #giveaway #gift #usa #amazon #rebate #rebates #noreview #visa #mastercard #home #swag https://t.co/QMlJSViLvN",1.311223087480877e+18
41,2020-09-30 08:30:58,XperienceDope,"Blasting Apollo Brown And OC - Prove Me Wrong right now on Pretty Dope Xperience Radio aka #BlackPandora

listen now and catch a wave!! https://t.co/VqKFopeoex  #nowplaying #np #RT  #NowStreaming #Streema Download Now #Alexa #GooglePlay #iOSAppStore #Amazon #",1.3112219910268518e+18
42,2020-09-30 08:32:06,chollosyoferta,"#Chollo #Amazon 93% DESCUENTO HoMedics ME 200 EU Me My Elos 1.0 Epilier Aufsatz

Precio oferta: 31,13
Reacondicionado: 1,94

    👇👇👇👇👇👇👇
👉 https://t.co/EQGlwiKl2W https://t.co/82ER3aMRao",1.3112222754636186e+18
43,2020-09-30 08:30:44,mochi_mochi1999,"埼玉誕生150周年☆
私が選ぶ150周年を彩る  #ロゴマーク はこれだ！
@saitama150th ではプレゼントCPを実施中！～10/12
抽選で20名に  #Amazon  #ギフト券 500円分を  #プレゼント ♪
 https://t.co/waae304Yjg",1.3112219326210662e+18
44,2020-09-30 08:30:52,OnlyGearBest,"🌟 [𝗢𝗻𝗹𝘆 𝗚𝗲𝗮𝗿𝗯𝗲𝘀𝘁] 🌟

🔊 Duronic DM052-1 Elevador para Pantalla, Ordenador Portátil, Televisor - 56 x 24 cm- Cristal Tra #amazon

🌍 Enlace: https://t.co/zHBuSZSIx6

Te esperamos en telegram: https://t.co/mPaN5u2fFj https://t.co/FrEj8jHYo0",1.3112219655591363e+18
45,2020-09-30 08:33:12,AndresFornells,"LOS BUENOS LIBROS SE LEEN EN CUALQUIER SITIO
 
@AndresFornells
@pilarescritora
@info_tello
@zaidacastillo51
@AOrozcoGuerrero
@COZDENE
@torres_escritor
#KindleUnlimited #Amazon #queleer #LecturaRecomendada #libros #lectores #ebook #escritores https://t.co/YVruBzHMCN",1.311222551532757e+18
46,2020-09-30 08:30:54,MenudoPaquete,"🌟 [𝗠𝗲𝗻𝘂𝗱𝗼 𝗣𝗮𝗾𝘂𝗲𝘁𝗲] 🌟

🔊 Duronic DM052-1 Elevador para Pantalla, Ordenador Portátil, Televisor - 56 x 24 cm- Cristal Tra #amazon

🌍 Enlace: https://t.co/MLYc1slTJ4

Te esperamos en telegram: https://t.co/IbEojfZpa4 https://t.co/rpsSnCN00P",1.3112219732513915e+18
47,2020-09-30 08:33:36,AndresFornells,"Los buenos #libros los lee todo el mundo. No te los pierdas. Descubre grandes #Es-critores y magníficas #Lecturas en la universal tienda de #Amazon 
@info_tello
@pilarescritora
@miguel_gacio
@COZDENE
@zaidacastillo51
@AOrozcoGuerrero
@AndresFornells
#KindleUnlimited https://t.co/3s5OjplegW",1.311222651210412e+18
48,2020-09-30 08:35:42,kana_ogawa,"【おしりふき】ベスト10
【おしりふき 】Mama Bear (ママベアー) ベビー おしりふき 純水 99% 80枚入×20個 (1600枚) [ケース品] [Amazonブランド] 日本製 パラベンフリー
https://t.co/IVsW1lDUyM #Amazon",1.3112231836854804e+18
49,2020-09-30 08:30:42,yuki_nagase,"【栄養補助食品】ベスト10
ブルボン スローバー チョコレートクッキー 41g×9個
https://t.co/W2VMdXfer4 #Amazon",1.3112219245764198e+18
,date,screen_name,tweet,tweet_id
0,2020-09-30 08:28:18,DgThor,"Hi @AmazonHelp It's sad. I want to unsubscribe from Amazon Prime but i am not able to do so as i lost my mobile phone/no. where a notification goes. However, every month amount is cut from my account. Username: himanshuprodesign@gmail.com #amazonprime #Amazon",1.3112213186924216e+18
1,2020-09-30 08:30:27,yuki_nagase,"【栄養補助食品】ベスト10
江崎グリコ バランスオンminiケーキ チーズケーキ 20個 栄養補助食品 ケーキバー
https://t.co/UyHAgilIHJ #Amazon",1.3112218588768338e+18
2,2020-09-30 08:30:12,tntludo,"Innovation et Sécurité 💪💪
 #amazon veut vous faire payer avec la paume de la main  #gafam #banques #ecommerce https://t.co/dWoChKDGv5 cc @accenturefrance",1.311221796532781e+18
3,2020-09-30 08:28:51,HIRO19770420,"やはりコレ欲しい🤣🤣🤣

ガレージのサイズ測ってからやな🤔🤔🤔

Bonarca サイクルハウス ーLサイズ 最大6台収納ー【選べる収納台数】 高耐久アルミフレーム 撥水・UV加工シート 前幕 ... https://t.co/snmQesEWEZ #Amazon",1.311221458320814e+18
4,2020-09-30 08:27:36,XperienceDope,"Blasting Beastie Boys - Sure Shot (Large Professor Remix) right now on Pretty Dope Xperience Radio aka #BlackPandora

listen now and catch a wave!! https://t.co/VqKFopeoex  #nowplaying #np #RT  #NowStreaming #Streema Download Now #Alexa #GooglePlay #iOSAppStore #Amazon #",1.311221142611538e+18
5,2020-09-30 08:30:05,PaulProductMan,"Flying camera drones, cuddly Echo gadgets... it's all a smoke screen for Amazon to lead you gently down the Sidewalk – and you'll probably like it #amazon https://t.co/2TRgzaulY1",1.3112217680115139e+18
6,2020-09-30 08:26:13,rakten_kaden_,"09/30 17:26

炊飯器 3合 一人暮らし アイリスオーヤマ 新生活
【楽天】6281円
【Amazon】6480円

★楽天で購入すると★
 199円 お得（お得率3％）

↓お得な情報を一覧で確認出来るサイト
https://t.co/kMQYxgtvZJ

#楽天市場 #Amazon #お得 #せどり https://t.co/pp7bPyg11T",1.311220794811388e+18
7,2020-09-30 08:26:16,DhrubRaaj,"BYJU'S Class 11+12 (PCM) JEE Preparation - 7"" Tablet (Tablet) https://t.co/qnIguzJjgv Shop for Computer Software at the #Amazon.in https://t.co/RwNZS19tJk",1.311220806505169e+18
8,2020-09-30 08:28:45,LancsUniLEC,"Excellent thread 👇 explaining new research by Charlotte Smith (@cs422), Jos Barlow (@JosBarlow) Paul Young (@pjyng) colleagues documenting deforestation emissions in the Brazilian #Amazon. https://t.co/NXVOmYHncM",1.3112214343757005e+18
9,2020-09-30 08:30:00,Cashkarocom,"Last Day to shop on Amazon's #MegaFashionSale via CashKaro! Get your looks sorted now! Shop on #Amazon via CashKaro: https://t.co/4NhM4HtG1R
.
#CashKaro #AmazonIndia #fashionsale #clothing #onlineshopping #savemore #rewards https://t.co/sYehUhSBfs",1.3112217470734787e+18
10,2020-09-30 08:29:09,DgThor,"Hi @AmazonHelp I tried chatting with a guy who could not help me. Now i am not able to access my accounts as well. Don't have any other medium to contact amazon
Username: himanshuprodesign@gmail.com #amazonprime #Amazon",1.311221533390418e+18
11,2020-09-30 08:30:00,Tarrako1162,"🔥CHOLLO! #Amazon | #Electronica

📢Pioneer TS-G170C Altavoces, Negro

Sistema #Pioneer de altavoces de 2 vías, con 17 centímetros de diámetro y potencia máxima de salida de 300 vatios

   ❌ Antes: 69,00€
   🔥 PRECIO OFERTA: 29,00€🔥 -58%
   🔰 Enlace: https://t.co/z5yAiPw0NS https://t.co/RaZfFvYFEn",1.3112217466624287e+18
12,2020-09-30 08:30:05,ETRetail,ETRetail | Amazon unveils payment by hand-waving #Ecommerce #Amazon #Retailers #Alibaba #BiometricPayment #AmazonOne #Alipay #Contactless #HandWaiving #Retail https://t.co/TKx6FcE7dg,1.3112217692613878e+18
13,2020-09-30 08:26:10,ians_india,"@amazonIN said that it has created more than 1lakh seasonal job opportunities across its ops network in the country ahead of festive season.

The new associates will join #Amazon's existing network of associates &amp; support them to pick,pack,ship &amp; deliver customers' orders safely. https://t.co/2XvcctlqIS",1.3112207831846216e+18
14,2020-09-30 08:26:59,nonstopmasashit,試して見てぇ……信仰心試されすぎてる。| Sennheiser ゼンハイザー MKE 600 ガンマイク 【国内正規品】 https://t.co/trrToTsrAS #Amazon,1.3112209877618852e+18
15,2020-09-30 08:28:20,chollosyoferta,"#Chollo #Amazon 83% DESCUENTO Hynix HMT42GR7MFR4C PB 16 GB 1600 MHz Registrierter ECC RAM Äquivalent SNPJDF1MC / 16G 2Rx4 PC3 12800R RDIMM Serverspeichermodul

Precio oferta: 109,99
Reacondicionado: 18,32

    👇👇👇👇👇👇👇
👉 https://t.co/atjrL78cdB https://t.co/hnvN9JpNlC",1.3112213264016753e+18
16,2020-09-30 08:30:23,TheInStockRoom,"***New Deal***
Revlon Super Lustrous Lipstick...
Reduced from $7.99 to $2.49
https://t.co/EA95FZsfwU
#Deals #newDeals #Amazon https://t.co/cbvYLFHS3x",1.3112218435174195e+18
17,2020-09-30 08:30:10,ChollosTremend1,"‍SUPER OFERTA #Amazon | #Ropa
Pepe Jeans Original Stretch Camiseta, Azul (Navy 595)

PVP: 30,00€
PRECIO OFERTA: 15,99€

Talla S

Link de compra
https://t.co/I6d0a05V6N

Conoce el resto de nuestros canales en https://t.co/wivlEuTjuJ https://t.co/X15B0aubWl",1.3112217902666097e+18
18,2020-09-30 08:30:29,CoolDealCA,"💲💰
Revlon Super Lustrous Lipstick...
Reduced from $7.99 to $2.49

# #Deals #new #Deals #Amazon  #Deal #ganga

 https://t.co/R6YP8OkSGl https://t.co/Gc1DdZ91IW",1.311221868016423e+18
19,2020-09-30 08:26:14,DhrubRaaj,AVG Ultimate (Unlimited Devices | 1 Year) + AVG Antivirus for Android - Pro (1 Device | 1 Year) https://t.co/zMaQuYQsTV Shop for Computer Software at the #Amazon.in https://t.co/RwNZS19tJk,1.311220801102807e+18
20,2020-09-30 08:30:07,pjbn_author,"Four: A #horror #novella, now available on #audible #amazon #iTunes 
Audible UK https://t.co/NrrMi5u6LZ 
Audible US https://t.co/8ixJahTohk 
#promotehorror #indieauthor #spreadthehorror #supportindiehorror https://t.co/VSQFV9mVkn",1.3112217781869363e+18
21,2020-09-30 08:26:49,RockyScopelliti,A giant leap in touchless technology #rockyscopelliti  #australia2030 #youthquake4 #amazon #payments #touchlesstechnology  #banks #financialservices https://t.co/Qupj7FKyyS,1.3112209452021965e+18
22,2020-09-30 08:30:28,telugubullet,Amazon creates over 1 lakh jobs ahead of festive season https://t.co/vSgKpRMMY7 #amazon #festiveseason #job https://t.co/Xd1QsUBoS5,1.3112218629916303e+18
23,2020-09-30 08:26:00,2CutAShortStory,"• https://t.co/ZopGBhdML6
• THE TELOS PROJECT (950 words)
• ""... Then they speak to your deepest mind, the mind that’s been here before.”
• #amwriting #scifi #spiritual #pastlives #flashfiction
• #author #simonjwood #WordPress #Amazon #Goodreads #Audible https://t.co/5IlzGCYa05",1.311220739434066e+18
24,2020-09-30 08:30:02,YabRock,佐久間 裕美子 の 「真面目にマリファナの話をしよう」 を #AmazonJP でチェック！ https://t.co/idxUMhfWgg #アマゾン #Amazon #麻 #大麻 #医療大麻 #マリファナ #カンナビス #ヘンプ #大麻解禁 #大麻合法化,1.3112217534697595e+18
25,2020-09-30 08:27:23,Astarte_ff14,"これ仕事で使ってんだけど普通に１ヶ月くらい充電いらないからまじでやばい
ロジクール アドバンスド ワイヤレスマウス MX Master 3 MX2200sGR Unifying Bluetooth 高速ス... https://t.co/MvMVPjVIXf #Amazon",1.3112210886641828e+18
26,2020-09-30 08:30:06,faunawatch,"More than 40% of fires in the Brazilian Amazon this year are burning in standing forests, with more than 4.6 million acres already impacted this year. 
https://t.co/kEugyYclB6
#Amazon #BushFires #Wildlife",1.311221771366998e+18
27,2020-09-30 08:30:03,amazon_rankinQ,"【スマートウォッチ】
Apple Watch Series 5(GPS + Cellularモデル)- 44mmスペースグレイアルミニウムケー...
￥56,980
https://t.co/9DMNrYJlKY
#amazon",1.3112217603065037e+18
28,2020-09-30 08:30:21,yuki_nagase,"【栄養補助食品】ベスト10
Nestle(ネスレ) アイソカル ゼリー ハイカロリー HC お試し66g×8個セット (飲みやすい 高カロリー エネルギー ゼリー) 栄養補助食品 介護食 (8種各1個 セット)
https://t.co/2t9L6PYTbC #Amazon",1.31122183698253e+18
29,2020-09-30 08:30:16,yuki_nagase,"【栄養補助食品】ベスト10
Nestle(ネスレ) アイソカル ゼリー ハイカロリー HC バラエティパック ( 飲みやすい 高カロリー エネルギー ゼリー ) 栄養補助食品 介護食 (6種各4個 セット)
https://t.co/zWofBbytvn #Amazon",1.311221815163773e+18
30,2020-09-30 08:30:12,chicachick_2,"UN ASESINO EN TU SOMBRA de @AnaRiveraMuniz 
📱https://t.co/x97H31jkv5
📖https://t.co/y9yxofkh4G
Vuelve Gracia San Sebastián, la investigadora más original de Asturias.
@MaevaEdiciones 
#Amazon 
#booktwt 
#BOOKINGS 
#readingcommunity 
#LecturaRecomendada 
#leer 
#booklovers https://t.co/Cqll4ctRNK",1.3112217979841126e+18
31,2020-09-30 08:30:17,buybooks_amazon,#BestBooks #Amazon #Leadership : THE INDEX CARD: WHY PERSONAL FINANCE DOESN’T HAVE TO BE COMPLICATED --&gt; https://t.co/Vm1pI1npGm,1.3112218185192899e+18
32,2020-09-30 08:30:32,yuki_nagase,"【栄養補助食品】ベスト10
Nestle(ネスレ) アイソカル ゼリー ハイカロリー HC バラエティパック 24個入り (飲みやすい 高カロリー エネルギー ゼリー) 栄養補助食品 介護食 (8種×各3個セット)
https://t.co/iRAYxBpoZS #Amazon",1.3112218807669555e+18
33,2020-09-30 08:26:15,DhrubRaaj,"Microsoft 365 Personal | 12-Month Subscription, for 1 Person (Activation Key Card) https://t.co/sHRnSBFhbW Shop for Computer Software at the #Amazon.in https://t.co/RwNZS19tJk",1.3112208037452636e+18
34,2020-09-30 08:30:06,yuki_nagase,"【栄養補助食品】ベスト10
ZONe DEEPDIVE Ver.1.0.0 エナジードリンク 500ml ×24本
https://t.co/VwoATKdgZV #Amazon",1.3112217712326328e+18
35,2020-09-30 08:29:20,RDaidouji,"お知らせが遅くなりましたが、拙著『国際機構間関係論』が、Amazon等々でも買えるようになっております。私の手元にも届きました。大変きれいに仕上げていただきました。どうぞよろしくお願いいたします！

国際機構間関係論 ― 欧州人権保障の制度力学 (学術選書) https://t.co/yXt7Ed3QXA #Amazon https://t.co/2dETu0MC6I",1.3112215792467927e+18
36,2020-09-30 08:28:54,r66ad,@horatiorama @markuspreiss #amazon mit #drohnen,1.3112214708703396e+18
37,2020-09-30 08:30:35,gaoqiaomeizhi,"みんなさん、こんにちは。
2020 0930無料商品
レビュー不要
ご興味がございましたら、ご遠慮なくご連絡してください。

  #アマゾンレビュー #アマゾン #amazon #レビューア #アマゾンレビュー募集 #レビュー #無料商品  #Amazonレビュー募集 #レビュー不要 https://t.co/PvpgOQcibi",1.3112218929345823e+18
38,2020-09-30 08:27:43,kimuko_ningen,"自分が使ってるマウス
ボタン数がちょうど良く、押し間違えないデザイン
価格も控えめで、非常に使いやすい

そして同じようなマウスはどこにもないから変えが効かない

エレコム ゲーミングマウス 【DUX】 有線 10ボタン 2400dpi ハードウェアマクロ対応 M-DUX30BK https://t.co/6JPbWbEi6w #Amazon",1.3112211714261934e+18
39,2020-09-30 08:26:16,DhrubRaaj,"Quick Heal Total Security Latest Version - 2 PCs, 3 Years (DVD) https://t.co/vZdNh4U8z5 Shop for Computer Software at the #Amazon.in https://t.co/RwNZS19tJk",1.3112208083925074e+18
40,2020-09-30 08:30:00,Lyko_tech,"[MOBIZAP📺] ""Le verdissement de l'automobile au sens large, fait peser un vrai risque de casse sociale aussi bien en France qu'en Europe"" ➡️ https://t.co/SvNNnQt3cU
.
#mobilite #voitureelectrique #ratp #peage #gafa #apple #amazon #google #mobility",1.311221745961939e+18
41,2020-09-30 08:30:00,AlphaRepricer,"Alpha Repricer cheapest repricer for Amazon India.

https://t.co/Cu3pvzl3yB

#Amazon #AmazonRepricer #AlphaRepricer #amazonindia #sellersofAmazon #fba #India #fbasellers #Mumbai #NewDelhi #Delhi #Chennai #Pune #Hyderabad #Bangalore https://t.co/vXizNWwKPt",1.3112217459118285e+18
42,2020-09-30 08:27:08,isitceurope,"Job creation price reduction and connectivity 
#DigitalTransformation #digitaltwin #digitaltechnologies #DigitalMarketing #DigitalIndia #digitalmarketingstrategist #blockchain #data #DataAnalytics #datasecurity #dataviz #distribution #Amazon #amazondevices #G5 https://t.co/kgmYctHqif",1.3112210254646272e+18
43,2020-09-30 08:28:15,BlogNT,Amazon One vous permet de payer avec la paume de votre main https://t.co/xI3t8lGtw0 via @BlogNT #Amazon #AmazonOne https://t.co/Rq3rfv4EyW,1.3112213061096325e+18
44,2020-09-30 08:30:11,yuki_nagase,"【栄養補助食品】ベスト10
江崎グリコ バランスオンminiケーキ チョコブラウニー 20個 栄養補助食品 ケーキバー
https://t.co/aql4LvHHEu #Amazon",1.3112217932779233e+18
45,2020-09-30 08:29:11,davidakpovi,"Dix Drôles D'histoire est disponible en précommande sur Amazon 🙂.
Version papier : https://t.co/cU3LuRpbT1 

Version numérique : https://t.co/Cg4wj3Ay0Y 

#Amazon #dixdrolesdhistoire #davidakpovi #book #ebook  #kindle #epub #Amazonbook https://t.co/wu09O5iKQl",1.311221542378967e+18
46,2020-09-30 08:29:59,stardust_QA,#Amazon va bientôt permettre de payer... avec la paume de la main ⎮ #Tech #SansContact #Paiement #Retail https://t.co/QlnNmECKSu par @Mr_Fi,1.311221742585733e+18
47,2020-09-30 08:26:59,DevanshDigital,"Tata Tea Tulsi Green Tea Bags 25s by TATA TEA TULSI GREEN 

https://t.co/giZbkdE7WO via @amazonIN 

M.R.P.:₹ 174.00
Price:₹ 130.00 (₹ 5.20 / count) Pantry badge
You Save:₹ 44.00 (25%)
#Amazon #TataTea #Tea #GreenTea #TulsiGreenTea",1.3112209874724864e+18
48,2020-09-30 08:30:01,yuki_nagase,"【栄養補助食品】ベスト10
明治 メイバランス Mini アソートBOX 125ml×24本(8種×各3本/ケース)
https://t.co/FyZUIGxLL3 #Amazon",1.311221749342593e+18
49,2020-09-30 08:30:04,DgThor,Hi @AmazonHelp The customer care phone number is always busy. I am tweeting from India hoping i will get some help. #customersupport Username: himanshuprodesign@gmail.com #amazonprime #Amazon,1.3112217626930176e+18
,date,screen_name,tweet,tweet_id
0,2020-09-30 08:18:09,allthingssvegan,"I so want one of these 🙈

#Amazon #Amazonレビュー

https://t.co/lOsOSxW9zj",1.311218764671787e+18
1,2020-09-30 08:25:41,hispachollos,"🌀 BLACK DECKER CS36BST-QW - Atornillador 3.6V con almacenamiento para puntas   8 puntas en lata. #Amazon 🇪🇸

💶 Precio oferta: 27,51€ 💥 (PVP normal: 39,95€)

💳 Enlace: https://t.co/rlvPBabnDN

✨ 30 días gratis de Amazon Music Unlimite ...
https://t.co/2xqqc7acu7
#chollo",1.3112206609417912e+18
2,2020-09-30 08:15:50,MenudoPaquete,"🌟 [𝗠𝗲𝗻𝘂𝗱𝗼 𝗣𝗮𝗾𝘂𝗲𝘁𝗲] 🌟

🔊 Severin MY 7101 S'POWER Fire 800 W - Aspiradora (800 W, Aspiradora cilíndrica, Secar, Sin Bolsa #amazon

🌍 Enlace: https://t.co/C2tYQfFJtd

Te esperamos en telegram: https://t.co/IbEojfZpa4 https://t.co/mYbOpp6715",1.311218180774396e+18
3,2020-09-30 08:17:41,best_deals_US,"You'll like this one
IRWIN Tools STRAIT-LINE Flagging Tape, 150-foot, Glo-Pink (65603)

Offer price: $1.49 ($1.49 / count) (32% OFF!)
Retail: $2.19 ($2.19 / count)

https://t.co/i3RC8t4i41

#Amazon #deals #RT https://t.co/H32T9fyCRo",1.3112186465685094e+18
4,2020-09-30 08:17:57,hirottaSE,"Transcend デスクトップPC用メモリ PC4-21300(DDR4-2666) 8GBx2枚 1.2V 288pin U... https://t.co/5OFvs4fglo #Amazon

メモリ安くね？",1.3112187152627425e+18
5,2020-09-30 08:24:13,_mis_ter_e_,"Make #Superman LEGO portraits !

#dccomics #HenryCavill #christopherreeve #benaffleck #dcfandome #JusticeLeague #JusticeLeagueSnyderCut #JusticeLeagueTheSnyderCut #amazon #kindle #kindlebooks #kindleunlimited #batman
https://t.co/zTZgg0RgVe",1.3112202921073418e+18
6,2020-09-30 08:19:39,XperienceDope,"Blasting Nas - Just a Moment right now on Pretty Dope Xperience Radio aka #BlackPandora

listen now and catch a wave!! https://t.co/VqKFopeoex  #nowplaying #np #RT  #NowStreaming #Streema Download Now #Alexa #GooglePlay #iOSAppStore #Amazon #",1.3112191441850573e+18
7,2020-09-30 08:25:14,ChollosDescubre,"‍SUPER PRECIO ❗️🔸 #Amazon | #Deportes
📣Mizuno Printed Hoody Jacket Chaqueta, Mujer, Coral Caliente, Medium

 ✅PRECIO OFERTA: 19,34€ 

📏 Talla M

   ⤵️ Link de compra
   🌐 https://t.co/13tdfxuCvf

Visto en https://t.co/HW2VwUc9d2 https://t.co/q0GJVgUJ9F",1.3112205473935524e+18
8,2020-09-30 08:16:52,westbridgfdwire,"#Amazon #Nottingham 
• 𝐌𝐨𝐫𝐫𝐢𝐬𝐨𝐧𝐬 𝐜𝐫𝐞𝐚𝐭𝐞𝐬 𝐨𝐯𝐞𝐫 𝟏,𝟎𝟎𝟎 𝐧𝐞𝐰 𝐣𝐨𝐛𝐬 𝐭𝐨 𝐟𝐮𝐥𝐟𝐢𝐥 𝐀𝐦𝐚𝐳𝐨𝐧 𝐨𝐫𝐝𝐞𝐫𝐬 – 𝐢𝐧𝐜𝐥𝐮𝐝𝐢𝐧𝐠 𝐍𝐨𝐭𝐭𝐢𝐧𝐠𝐡𝐚𝐦𝐬𝐡𝐢𝐫𝐞
https://t.co/pRyiL6s0ib",1.3112184428847882e+18
9,2020-09-30 08:21:00,PerconaBytes,"“Power Hour, Managing Databases at Scale - AWS” by Sirish Chandrasekaran from Amazon Web Services (@awscloud) at Percona Live (@Percona) on Tuesday, October 20

https://t.co/qDUnHHWwqB

#Databases #Percona #PerconaLive #Data #SQL #NoSQL #Amazon #AWS #AmazonRDS https://t.co/CHS4dhsglN",1.3112194812349563e+18
10,2020-09-30 08:15:46,BradPorcellato,"Best Sellers and Daily Deals! #LosAngeles, #Summit, #Union, #Darnestown, #Montgomery, #Ridgewood, #Bergen. Find the top 100 most popular items on #Amazon! Click to start your search for savings. https://t.co/EO9eS50u2l https://t.co/o5lwN6Ce6X",1.3112181671638917e+18
11,2020-09-30 08:20:51,AmazonCoin_io,"AmazonCoin ⬇
$AMA ➡ $0,0177

👉👉 https://t.co/GydSZXKIno 🌿

#amazoncoin #amazon #nature #decentralized #green #cryptocurrencies #cryptocurrency #crypto #defi #dex #cryptonews #ethereum #ether #eth #blockchain #coin #token #ico #tokensale #startup #bitcoin  #btc $BTC $ETH https://t.co/ozF4yBqbth",1.3112194447404933e+18
12,2020-09-30 08:15:48,OnlyGearBest,"🌟 [𝗢𝗻𝗹𝘆 𝗚𝗲𝗮𝗿𝗯𝗲𝘀𝘁] 🌟

🔊 Severin MY 7101 S'POWER Fire 800 W - Aspiradora (800 W, Aspiradora cilíndrica, Secar, Sin Bolsa #amazon

🌍 Enlace: https://t.co/JCF53TUrhE

Te esperamos en telegram: https://t.co/mPaN5u2fFj https://t.co/MPSxzFmVaY",1.3112181732287816e+18
13,2020-09-30 08:16:12,Adilsuhail11,"one more time I am believing amazon 
#amazonefunzoneslots #Amazon #AmazonSpinandWin #Amazongreatindianfestival https://t.co/tY6CH4davh",1.3112182749908787e+18
14,2020-09-30 08:20:15,OfertacularRL,"‼️DESINFECTANTE‼️ 👁‍🗨 #Ofertacular #Amazon #chollo #oferta #ganga

⚫️ Sanytol - Desinfectante Textil - 4 unidades de 1200ml

🛒: ➡️ https://t.co/TSq8XSrGcm ⬅️ https://t.co/4czt6qql4t",1.3112192930702828e+18
15,2020-09-30 08:24:17,AlexMilla_,La #CNMC concluye que #Amazon es un operador postal y exige que registre como tal a sus repartidores autónomos https://t.co/HtT0QfNHIG a través de @eldiarioes,1.3112203075716833e+18
16,2020-09-30 08:21:28,KeChollos,"Funko Pop: Fortnite: Loot Llama 10"" 
#Amazon #ofertas #chollo #chollos #Merchandising #Fornite #Funko #FunkoPop #Llama

💵Precio: 23.66€ (47%)
🚚Envío: GRATIS
https://t.co/7BuV78irci",1.3112195995480515e+18
17,2020-09-30 08:21:02,facileamz,"#goodmorning 
Il Prime Day Amazon sta arrivando🏄🏼‍♂️
.
.
.
#coffytime #break #instagood #amazon #primedayamazon #autumn #love #shopping #shopping #facileamazon #nonsolositi #cuteart #tazzadicaffè @ Rome, Italy https://t.co/eft5pPL6V1",1.311219489133015e+18
18,2020-09-30 08:16:10,FreebieDepot,►► #Free TYLENOL Cold or TYLENOL Sinus Medication - Up to $15 Value - Exp 7/3/21 ►► https://t.co/AHkMmqYMvO ►► #Amazon #FreeAfterRebate #FREESample #FREEStuff #FREEbate #Freebie #Sample #Samples #TryItFree #TryMeFREE ►► @FreebieDepot https://t.co/XKxDEk4i0l,1.311218264681349e+18
19,2020-09-30 08:19:01,BEST300BOT,ベートーヴェン／交響曲第１番　【第７位】⇒https://t.co/fH2OQevNaK #amazon #bot 【第２位】ヤルヴィ指揮ドイツ・カンマーpo〈2006〉⇒https://t.co/pMK5cJqexT,1.3112189813956035e+18
20,2020-09-30 08:23:22,valueinfo2020,"繰り返し洗えるさらさらマスクで、蒸れなどの不快感を軽減してくれます。
マスクをつけた瞬間や、風にあたるとほんのりとひんやりし、呼吸しやすいマスクです。

#マスク  #マスク入荷  #amazon

https://t.co/Ft4FwkjUPj",1.3112200760042086e+18
21,2020-09-30 08:20:05,RoMemoria,"#RecomiendoLeer LATIDO IZQUIERDO, del #Poeta mexicano @Rubenski77 ¡Ven a conocer la #NuevaPoesíaMexicana ! ¡Vibra con el fuego de un grandísimo #Escritor ! #Amazon : https://t.co/CiibwNVhvD … El Corte Inglés: https://t.co/Cs4UplqqmK … https://t.co/X8Qx5NMN88",1.31121925232674e+18
22,2020-09-30 08:18:36,Designcreateall,一日をうまく使えば、幸せな眠りがやってきます。「A well spent day brings happy sleep.」（レオナルド・ダ・ヴィンチ） #amazon #design #brand,1.3112188776661934e+18
23,2020-09-30 08:23:59,XperienceDope,"Blasting Trek Life - What It Is (Apollo Brown Remix) right now on Pretty Dope Xperience Radio aka #BlackPandora

listen now and catch a wave!! https://t.co/VqKFopeoex  #nowplaying #np #RT  #NowStreaming #Streema Download Now #Alexa #GooglePlay #iOSAppStore #Amazon #",1.3112202323426427e+18
24,2020-09-30 08:16:12,rakten_kaden_,"09/30 17:16

日立 コードレススチームアイロン CSI−307−
【楽天】5390円
【Amazon】5391円

★楽天で購入すると★
 1円 お得（お得率0％）

↓お得な情報を一覧で確認出来るサイト
https://t.co/kMQYxgL6Rh

#楽天市場 #Amazon #お得 #せどり https://t.co/hdOrJmwHmC",1.3112182751586427e+18
25,2020-09-30 08:20:45,laPlumeetleVent,"""rapide, fiable et sûre"".
Ah bah si c'est Amazon qui le dit, nous voilà rassurés !
#amazon #biometrique #capitalisme #BigData 
https://t.co/TD9Ebv7eKg",1.31121942069035e+18
26,2020-09-30 08:23:44,Elhadri,#Amazon #One https://t.co/dkWZjnbxlV,1.3112201694071644e+18
27,2020-09-30 08:16:34,flyingeze,"Woman killed, man hurt in shooting at Florida Amazon fulfillment centre - National
https://t.co/BbaLMaE7rl
#Amazon #amazonfacilityshooting #amazonfulfillmentcentreshooting #amazonshooting",1.3112183656213955e+18
28,2020-09-30 08:16:27,datamagazine_it,"Arriva #Luna la piattaforma di cloud gaming di #Amazon per fare concorrenza a #Stadia

➡️ https://t.co/tGD9CQXjSw https://t.co/4csGTsxH2E",1.3112183359972106e+18
29,2020-09-30 08:24:28,tamadon0915,"週刊朝日 2020年 11/6 増大号

表紙 嵐

#嵐 
#Amazon　

予約受付中👇👇
https://t.co/9oG8cOv4ng",1.311220356405801e+18
30,2020-12-04 16:50:25,ProcterGamble,"Everyone has the power to do SOMETHING. Tune in at 7 p.m. Dec. 10 to #TriState Strong: Getting to Zero to be inspired by how your neighbors &amp; familiar faces from health care, media and business have pulled together #TriStateStrong #GettingToZero",1.3349028910736097e+18
31,2020-09-30 08:21:06,geekepisode,"Upto 20% off on High Speed Routers &amp; Networking Products.🔥🔥🔥🔥🔥

Buy Now: https://t.co/R366Xoc7Jh  👈👈👈👈👈

#Flipkart #Amazon https://t.co/pFJXVVkB4B",1.3112195067406868e+18
32,2020-09-30 08:23:27,pdr2002,"iPhone bei #Amazon auf Platz 1: Warum kaufen so viele Leute jetzt dieses Apple-Handy? | Das #iPhone11 ist das beste und günstigste FaceID Smartphone ohne Werbe- und MalwareOS #Android
https://t.co/L7EsSuGKXj",1.311220098670252e+18
33,2020-09-30 08:22:02,AmandineFlachs,#Amazon One verifies consumers and office workers by scanning the palm of their hand https://t.co/ZfLZwCeUBv https://t.co/0mS83wNvEQ,1.3112197434420552e+18
34,2020-09-30 08:18:30,ykswld,Nota Studio s.h.figu...今売れています！https://t.co/N2ZeQPdDeT #follow #sougo #Amazon #アマゾン,1.3112188512213074e+18
35,2020-09-30 08:21:13,rakten_kaden_,"09/30 17:21

アルインコ コードレス首マッサージャー もみたいむ
【楽天】8980円
【Amazon】9800円

★楽天で購入すると★
 820円 お得（お得率9％）

↓お得な情報を一覧で確認出来るサイト
https://t.co/kMQYxgL6Rh

#楽天市場 #Amazon #お得 #せどり https://t.co/BOQ12VxYxv",1.3112195350730465e+18
36,2020-09-30 08:18:02,DevanshDigital,"Tata Tea Gold, 1kg by Tata Tea Gold 

https://t.co/J48huGtimI via @amazonIN 

M.R.P.:₹ 457.00
Price:₹ 455.00 (₹ 45.50 / 100 g) Pantry badge
You Save:₹ 2.00
#Amazon #AmazonPantry #TataTea #GoldTea #TataTeaGold #Tea",1.3112187361127055e+18
37,2020-09-30 08:25:00,2CutAShortStory,"• https://t.co/GnVfke3JSz
• THE TELOS PROJECT (950 words)
• ""... Then they speak to your deepest mind, the mind that’s been here before.”
• #amwriting #scifi #spiritual #pastlives #flashfiction
• #author #simonjwood #WordPress #Amazon #Goodreads #Audible https://t.co/Oorg0FReSx",1.311220487700144e+18
38,2020-09-30 08:15:49,reinadellowcost,"🌟 [𝗟𝗮 𝗿𝗲𝗶𝗻𝗮 𝗱𝗲𝗹 𝗟𝗼𝘄𝗰𝗼𝘀𝘁] 🌟

🔊 Severin MY 7101 S'POWER Fire 800 W - Aspiradora (800 W, Aspiradora cilíndrica, Secar, Sin Bolsa #amazon

🌍 Enlace: https://t.co/Eg3vwkOMhr

Te esperamos en telegram: https://t.co/Jxndx9pJCJ https://t.co/tb540RR6R7",1.3112181770414858e+18
39,2020-09-30 08:20:38,DevanshDigital,"Brooke Bond Red Label Taste of Togetherness Tea, 500g by RED LABEL 

https://t.co/trD0EECXYh via @amazonIN 

Price:₹ 210.00 (₹ 42.00 / 100 g) Pantry badge
#Amazon #AmazonPantry #BrookeBond #RedLabel #Tea #Togetherness #BrookeBondRedLabel",1.3112193882137231e+18
40,2020-09-30 08:22:29,paintfavo,"明日から、大人気のAmazon 1000円分のポイント🎁が当たる確率が2倍くじ😍がひけるキャンペーンが始まるよ🥰
お見逃しなく！！
#amazon #アマギフ",1.3112198555933573e+18
41,2020-09-30 08:25:33,CholloLinkES,"‍SUPER PRECIO ❗️🔸 #Amazon | #Deportes
📣Mizuno Printed Hoody Jacket Chaqueta, Mujer, Coral Caliente, Medium

 ✅PRECIO OFERTA: 19,34€ 

📏 Talla M

   ⤵️ Link de compra
   🌐 https://t.co/AwNWfhbD6G

Visto en https://t.co/JpQzg3pNYP https://t.co/WFFmfSfwpE",1.3112206253321093e+18
42,2020-09-30 08:21:28,neko_mo_arukeba,【メーカー特典あり】 アカシア盤 「アカシア / Gravity」(CD+DVD+グッズ)[内容未定付き] https://t.co/I850LV3L4c #Amazon,1.3112195999463137e+18
43,2020-09-30 08:17:30,PJoB1WKv6L4kizt,#山崎聡一郎 #こども六法 #Amazon https://t.co/1Tj5W79RWg,1.3112186034342093e+18
44,2020-09-30 08:25:27,MaxiChollo,"‍SUPER PRECIO ❗️🔸 #Amazon | #Deportes
📣Mizuno Printed Hoody Jacket Chaqueta, Mujer, Coral Caliente, Medium

 ✅PRECIO OFERTA: 19,34€ 

📏 Talla M

   ⤵️ Link de compra
   🌐 https://t.co/RYuY0y86rA

Visto en https://t.co/HGTfnxg2wd https://t.co/V46dePYsIY",1.3112206022048072e+18
45,2020-09-30 08:21:24,RoMemoria,"#Mundanae Una novela #Juvenil de Sebastián Fierro, @cadexperto @castillo_fierro #ficciòn y #fantasía 
hecha en #Juárez, editada en #Madrid disponible en todas las librerías bajo pedido, #Amazon, #Gandhi y en: https://t.co/to7tG6f0pH
https://t.co/to7tG6f0pH https://t.co/to7tG6f0pH",1.3112195833663734e+18
46,2020-09-30 08:23:53,DevanshDigital,"Nescafé Classic Coffee, 200g Stabilo Pack by Nescafé 

https://t.co/J5nvW6jmwE via @amazonIN 

M.R.P.:₹ 490.00
Price:₹ 468.00 (₹ 234.00 / 100 g) Pantry badge
You Save:₹ 22.00 (4%)
#Amazon #Nescafe #Classic #Coffee #StabiloPack #ClassicCoffee",1.3112202074283336e+18
47,2020-09-30 08:20:26,JulienUsclade,#Win an #Amazon Gift Card in our #Twitch #Games #Giveaway via @sffbookbonanza: https://t.co/xkJAaCgR5e,1.3112193414555853e+18
48,2020-09-30 08:25:13,SolTaylorRdL,"Novedad 💯

Un amor de locos… y una vida de locos. 

Enlace: https://t.co/mlGMVrNxiz

#kindle #KindleUnlimited #Amazon #ebook #romantica #comedia #humor #romance #leer #novela https://t.co/BZRrMBcTKI",1.3112205447637647e+18
49,2020-09-30 08:23:57,2lM78hbYht1NB1d,"amazon無料読み放題の方は無料となってますので是非読んでみて下さい！！
#amazonunlimited
#読書の秋
#読者
#Amazonレビュー募集
#読書好きな人と繋がりたい
#読むのが好き
#amazon
#オリジナル物語
#小説
#オリジナルストーリー
#オリジナル作品
#本
#映像化
#無料

https://t.co/4yv84zU6fG",1.311220224348156e+18
,date,screen_name,tweet,tweet_id
0,2020-09-30 08:15:30,chollismo,"‍SUPER PRECIO #Amazon | #Zapatos
KROSER Bolso Tote para Portátil 15.6"" Bandolera con Estilo para Portátil Maletín Hidrófugo Bolsa Grande de Viaje con Bolsillos RFID para Trabajo/Negocio/Escuela/Universidad/Mujeres - Camuflaje Negro

PRECIO OFERTA: 28,89 €

Talla Fits up to 1… https://t.co/TUaHo7L4wa",1.3112180998243328e+18
1,2020-09-30 08:11:32,TheInStockRoom,"***New Deal***
adidas womens Cloudfoam Pure R...
Reduced from $70.00 to $20.00
https://t.co/axpk0uJHLN
#Deals #newDeals #Amazon https://t.co/J0E7HAi0Pw",1.311217101651284e+18
2,2020-09-30 08:15:25,chollismo,"‍BAJADA DE PRECIO #Amazon | #Bricolaje
D-Line Mini 3015KIT002 | Canaletas Adhesivas de PVC para Cables | Multipack de 4 Piezas (30x15mm) de 1 Metro de Longitud en Color Negro | Solución para organizar, Proteger y Cubrir Cables

PRECIO OFERTA: 19,43€

Link de compra
… https://t.co/t8nVPPaMkT",1.311218079041495e+18
3,2020-09-30 08:15:03,fxmgm,Now Trade #Bitcoin #AMAZON #APPLE #PAYPAL #DAX #CAC40 #NASDAQ #dow #ftse #cfd #indices #index #commodities #trader #trading #Volkswagen #VOW &gt; https://t.co/kXvRg3NCbI,1.3112179842795889e+18
4,2020-09-30 08:15:33,chollismo,"‍SUPER PRECIO #Amazon | #Informática
Amplificador WiFi Repetidor Extensor de Red Punto de Acceso 2.4GHz IEEE802.11 B/G/N Wireless Extender con WPS Button Velocidad de hasta 300Mbps, Puerto LAN, Compatibilidad Universal

PRECIO OFERTA: 14,39 €

Link de compra
… https://t.co/UVOgdi1RC2",1.311218111228543e+18
5,2020-09-30 08:11:38,gizmochina,"Amazon One announced, allows payment through palms in Amazon Go stores

https://t.co/SFJeAWGFIr

#amazon #AmazonOne https://t.co/peiljKXR1d",1.3112171232769843e+18
6,2020-09-30 08:13:04,ChollosDescubre,"‍BAJADA DE PRECIO ❗️🔸 #Amazon | #Bricolaje
📣BLACK+DECKER CS36BST-QW - Atornillador 3.6V con almacenamiento para puntas + 8 puntas en lata

⛔️ PVP: 39,95€ 
 ✅PRECIO OFERTA: 27,51€ 

   ⤵️ Link de compra
   🌐 https://t.co/cJ96Nj2mOO

Visto en https://t.co/HW2VwUc9d2 https://t.co/ZHoEzRs4qI",1.311217485534974e+18
7,2020-09-30 08:15:23,chollismo,"‍SUPER PRECIO #Amazon | #Joyería
Swarovski Pulsera Infinity Heart, Blanco, baño de rodio

PRECIO OFERTA: 59,00€

Link de compra
https://t.co/G9SCWZDLFR

Conoce el resto de nuestros canales en https://t.co/S2xW2XR8IZ https://t.co/CXT1YMnKrL",1.3112180704600064e+18
8,2020-09-30 08:15:28,ChollosTremend1,"‍CHOLLAZO #Amazon | #Ropa
Pepe Jeans Soho Vaqueros, Black

PVP: 65,00€
PRECIO OFERTA: 33,49€

Talla 29W / 32L

Link de compra
https://t.co/EbmBP7rEq9

Conoce el resto de nuestros canales en https://t.co/wivlEuTjuJ https://t.co/X39nXuktGH",1.311218088789119e+18
9,2020-09-30 08:15:19,chollismo,"‍SUPER PRECIO #Amazon | #Ropa
Jack Jones Jacwaistband Trunks 3 Pack Noos Bóxer, Gris (Asphalt Detail:hawaian Ocean Fiery Red)

and

PVP: 24,99€
PRECIO OFERTA: 15,49€

Talla L

Link de compra
https://t.co/yPh7rBuPMg

Conoce el resto de nuestros canales en https://t.co/S2xW2XR8IZ https://t.co/ue6JhFzzFF",1.311218052202193e+18
10,2020-09-30 08:13:22,CholloLinkES,"‍BAJADA DE PRECIO ❗️🔸 #Amazon | #Bricolaje
📣BLACK+DECKER CS36BST-QW - Atornillador 3.6V con almacenamiento para puntas + 8 puntas en lata

⛔️ PVP: 39,95€ 
 ✅PRECIO OFERTA: 27,51€ 

   ⤵️ Link de compra
   🌐 https://t.co/a0QNNgEsP4

Visto en https://t.co/JpQzg3pNYP https://t.co/LIC6M5q2Hw",1.3112175617035346e+18
11,2020-09-30 08:12:25,anilpundir1988,"Best offers for you Click Here:-- https://t.co/u7qPm1EQty
#twitter #TwitterTrends #amazon #AmazonDeals #amazonprime #amazonshop #shopping #ShoppingOnline #shoppingtime #online #navratrispecial #fashiondesigner #fashion #womenfashion https://t.co/O3d1K4qRgj",1.3112173210845143e+18
12,2020-09-30 08:15:28,chollismo,"‍BAJADA DE PRECIO #Amazon | #Bricolaje
Detector de monóxido de carbono SCONDA EN 50291 certificado, detector de alarma de CO con pantalla LCD digital, alimentado por batería

PRECIO OFERTA: 22,49€

Link de compra
https://t.co/FTlg8AgX3b

Conoce el resto de nuestros canales … https://t.co/RXb5WyuGV4",1.3112180894140088e+18
13,2020-09-30 08:11:33,TomdeloheryJ,📷 #ayounglifemostunremarkable Now Available Online #amazon.com.au #newbook by #holocaustsurvivorhenrikorn #frontcoverartwork by #artistthomasdelohery @thomas_delohery @thomasandhenri Made possible by the kind support of... https://t.co/YeBvrjfczb,1.3112171030688973e+18
14,2020-09-30 08:15:37,chollismo,"‍SUPER OFERTA #Amazon | #Informática
Samsung 860 EVO MZ-76E250B/EU - Disco duro sólido interno de 250 GB , color negro

PVP: 78,99€
PRECIO OFERTA: 48,73€

Link de compra
https://t.co/jEJJqZ28u4

Conoce el resto de nuestros canales en https://t.co/S2xW2XR8IZ https://t.co/aiQFtoBPNh",1.3112181277835633e+18
15,2020-09-30 08:15:18,DevanshDigital,"Amazon Brand - Vedaka Gold Tea, 500 g by #Vedaka 

https://t.co/qhvVvhf9BG via @amazonIN 

M.R.P.:₹ 225.00
Deal of the Day:₹ 185.00 (₹ 37.00 / 100 g) Pantry badge
Ends in 10h 17m 45s
You Save:₹ 40.00 (18%)
#Amazon #AmazonPantry #AmazonBrand #GoldTea #Tea #500g",1.3112180472527176e+18
16,2020-09-30 08:13:00,kohjijapan,"【レビュー募集案件】

#ダイヤモンドアートツール

DIYダイヤモンドペイントツ ールは、クロスステッチツール、ネイルペンからスティッキーネイルダイヤモンド、携帯電話の装飾 、その他のDIYプロジェクトにも適しています。

#DIY
#Amazon
#Amazonレビュー
#レビュー募集中 
#レビュアー https://t.co/lsDg3ZcEdO",1.311217467839062e+18
17,2020-09-30 08:15:07,SolTaylorRdL,"¿DÓNDE DESCANSAN LAS ALMAS? 

El detective Worth ha sido ascendido y solicita la ayuda de Ethan Bush. El agente del FBI regresa a Kansas y enfrenta sus peores pesadillas...

#kindle &gt;&gt;&gt; https://t.co/eFgJEf7xl5

@merylaso 

#KindleUnlimited #thriller #NovelaNegra #suspense #amazon https://t.co/6sYtsSUwmz",1.3112179997356483e+18
18,2020-09-30 08:15:40,chollismo,"‍SUPER OFERTA #Amazon | #Juguetes
TAPDRA Máquina de vídeo clásica, 2 jugadores Pandora Box 6S Home Arcade Consola 1399 Juegos Todo en 1, Doble Stick

PRECIO OFERTA: 100,80 €
Dandole a aplicar cupon -20%!!!

Link de compra
https://t.co/Twk7YGFq1p

Conoce el resto de nuestros… https://t.co/a1rcQtABzY",1.3112181397540987e+18
19,2020-09-30 08:15:25,ChollosTremend1,"‍CHOLLAZO #Amazon | #Ropa
Tommy Jeans Hombre Original Ryan-DM0DM03941 Jeans, Azul (Berry Mid BLUE COMFORT 911)

PVP: 95,00€
PRECIO OFERTA: 50,99€

Talla 36W / 32L

Link de compra
https://t.co/fEP7i3hd8e

Conoce el resto de nuestros canales en https://t.co/wivlEuTjuJ https://t.co/wMbQnDwNMd",1.3112180779426447e+18
20,2020-09-30 08:15:18,ChollosTremend1,"‍SUPER OFERTA #Amazon | #Joyería
Kami Idea Collar, Mi Fatídico Amor, Colgante de Corazón a Corazón, Joyas de Mujer, Cristales de Swarovski, Bisutería para Mujer en Oro Rosa, Caja de Regalo

PRECIO OFERTA: 12,34 €

Link de compra
https://t.co/7ceCXfLrzg

Conoce el resto de n… https://t.co/VSJhshyBvF",1.311218047252869e+18
21,2020-09-30 08:11:42,20schemesmusic,"‘The Isolation Sessions’ 7 track EP OUT NOW!
.
Available to download or stream #applemusic #spotify #googleplay #amazon
.
@20schemes
.
#hymnsinhardplaces #songsfromtheschemes https://t.co/eUhdVgzafr",1.3112171433888113e+18
22,2020-09-30 08:15:17,chollismo,"‍SUPER OFERTA #Amazon | #Ropa
Jack Jones Jjecorp Logo Sweat Hood Noos Capucha, Negro (Black Detail:Reg Fit)

PVP: 24,99€
PRECIO OFERTA: 16,49€

Talla XL

Link de compra
https://t.co/l53dCrKQUS

Conoce el resto de nuestros canales en https://t.co/S2xW2XR8IZ https://t.co/xXtzAIArWv",1.3112180432683336e+18
23,2020-09-30 08:11:57,chollodeportes,"🔥 PANTALONES ❗️💥 #Amazon 🇪🇸

🔝 Preciazo varios modelos de pantalones deportivos chándal UMBRO por 8€ (PVP: +19,90)

🤑 VER OFERTA https://t.co/D63lcXKAJ2 (talla M) y https://t.co/Ymz5LHYEhU (talla L) https://t.co/cxEZyjfHGs",1.3112172056574403e+18
24,2020-09-30 08:15:00,Tarrako1162,"🔥CHOLLO! #Amazon | #Belleza

📢#Bourjois Brow Fiber Oh Oui, Máscara de cejas, Tono 003 brun/brown, 6.65 g 

   ❌ Antes: 13,00€
   🔥 PRECIO OFERTA: 6,29€🔥 -52%
   🔰 Enlace: https://t.co/S4fBDjUZwn https://t.co/kR2DlRfgQM",1.311217971214332e+18
25,2020-09-30 08:15:22,chollismo,"‍CHOLLAZO #Amazon | #Hogar
Hopekings Máquina de Palomitas,1200W Aire Caliente sin Aceite con Taza Medidora y Funda Desmontable,Libre de Bpa, Negro

PVP: 33,49€
Precio con cupón: 23,44€

CUPÓN: K6H36NID

Link de compra
https://t.co/8eYad7uKL5

Conoce el resto de nuestros can… https://t.co/9EE2mH684y",1.3112180626921021e+18
26,2020-09-30 08:13:30,tutiendademasc1,https://t.co/csIREmubC7 #Amazon #mask #mascarilla #news,1.311217594834342e+18
27,2020-09-30 08:15:35,chollismo,"‍CHOLLAZO #Amazon | #Ropa
Jack Jones Jcorocky Jacket Noos Chaqueta, Negro (Black Pattern: PU)

PVP: 59,99€
PRECIO OFERTA: 34,49€

Talla XL

Link de compra
https://t.co/YU0jodhxaE

Conoce el resto de nuestros canales en https://t.co/S2xW2XR8IZ https://t.co/HZ2RcYSk92",1.3112181191977615e+18
28,2020-09-30 08:12:23,Adilsuhail11,"I also get a chance to win these. Now I am trusting amazon. 
#AmazonSpinandWin #amazononeplusnord 
#Amazon #AmazonDeals https://t.co/j9ySohWvVM",1.3112173124777697e+18
29,2020-09-30 08:13:02,danklefstad,"Two days before this book arrives in your #kindle - If you #PreOrder now.
#Amazon US https://t.co/W0an5CGwqh

UK https://t.co/i5ZVmZtotd https://t.co/HLjEelHxqT",1.31121747745672e+18
30,2020-09-30 08:15:23,ChollosTremend1,"‍CHOLLAZO #Amazon | #Informática
ASUS ZenBook 14 UM431DA-AM022 - Ordenador Portátil de 14"" FullHD (Ryzen 7 3700U, 16GB RAM, 512GB SSD, AMD Radeon RX Vega 10, Endless) Metal Azul Utopia - Teclado QWERTY Español

PVP: 799,99€
PRECIO OFERTA: 699,99€

Link de compra
… https://t.co/jGAYCnk4ta",1.3112180691513303e+18
31,2020-09-30 08:13:11,blogosum,"#Amazon for travellers: S'well Vacuum Insulated Stainless Steel Water Bottle, 17 oz

 https://t.co/7NOxlDP01j

 #amazondeals #deals #gadgets #travel #giftguide #gift #giftidea #nature #outdoor #hiking #camping #backpacking #water #drink https://t.co/k62ansMudq",1.3112175131712348e+18
32,2020-09-30 08:13:33,MaxiChollo,"‍BAJADA DE PRECIO ❗️🔸 #Amazon | #Bricolaje
📣BLACK+DECKER CS36BST-QW - Atornillador 3.6V con almacenamiento para puntas + 8 puntas en lata

⛔️ PVP: 39,95€ 
 ✅PRECIO OFERTA: 27,51€ 

   ⤵️ Link de compra
   🌐 https://t.co/JqIWXo9qrq

Visto en https://t.co/HGTfnxg2wd https://t.co/Rb3Ib1D8M2",1.3112176062259937e+18
33,2020-09-30 08:13:25,aamelielefebvre,#Amazon One lets you pay with your palm https://t.co/5JSwK0Nf2i vía @Verge,1.3112175729819935e+18
34,2020-09-30 08:15:22,app_xndr,"GTA IV Cheats app for #kindle #Fire and #FireHD https://t.co/cOuOdThNxK #Amazon September 30, 2020 at 09:15AM",1.3112180660013998e+18
35,2020-09-30 08:12:52,DevanshDigital,"Amazon Brand - Vedaka Premium Tea, 1kg by Vedaka 

https://t.co/lReCA0q1lh via @amazonIN 

M.R.P.:₹ 400.00
Price:₹ 290.00 (₹ 29.00 / 100 g) Pantry badge
You Save:₹ 110.00 (28%)
#Amazon #AmazonBrand #AmazonPantry #Vedaka #Tea #PremiumTea",1.3112174346536468e+18
36,2020-09-30 08:11:18,a_takumi0303,"꙳★*ﾟ物販報告꙳★*ﾟ

本日はミキサーを出品👍

またまた
セール品🙌

性能も良しで
かなりお得！

本日も利益！

 仕入れ値       売値             利益
      0円         2500円       2500円

#Amazon
#副業
#物販
#転売
#メルカリ
#RT https://t.co/ioNFDFKqaw",1.311217043207721e+18
37,2020-09-30 08:15:25,XperienceDope,"Blasting Method Man - Uh-Huh right now on Pretty Dope Xperience Radio aka #BlackPandora

listen now and catch a wave!! https://t.co/VqKFopeoex  #nowplaying #np #RT  #NowStreaming #Streema Download Now #Alexa #GooglePlay #iOSAppStore #Amazon #",1.3112180769695048e+18
38,2020-09-30 08:15:15,ChollosTremend1,"‍SUPER PRECIO #Amazon | #Zapatos
Botas de invierno con doble botón, impermeables

PRECIO OFERTA: 24,99€

Talla 39 EU

Link de compra
https://t.co/qQU3pA4ly1

Conoce el resto de nuestros canales en https://t.co/wivlEuTjuJ https://t.co/N8XiBhap8h",1.3112180346909737e+18
39,2020-09-30 08:15:42,chollismo,"‍BAJADA DE PRECIO #Amazon | #Videojuegos
Mando Inalámbrico para Nintendo Switch y Switch Lite, Maegoo Bluetooth Mando Switch Pro Gamepad Joypad Joystick Admite Sensor 6 Gyro Axis Turbo y Dual Motor Vibration

PVP: 28,99€
PRECIO OFERTA: 19,71 €

Link de compra
… https://t.co/aVc0m9fDQO",1.3112181492037714e+18
40,2020-09-30 08:12:26,JulienUsclade,Love Speculative Fiction? #Win a $100 #Amazon #GiftCard in this #Facebook &amp; #Twitter #Giveaway via @sffbookbonanza: https://t.co/Y4q4XOnkuJ,1.3112173266463293e+18
41,2020-09-30 08:14:56,creativemm12,"👉https://t.co/ZWaYDg0efW #amazon👈
💯👉Auto Follower👈💯
💯👉#自動相互フォロー👈💯

#1000ADay
#Astros
#Titans
#National #Coffee #Day
#1000ADay
#RT企画
#f4f
#TeamFollowback
#followergenerator
#フォロバ100パーセント
#bts
#seventeen",1.3112179572094034e+18
42,2020-09-30 08:15:13,ChollosTremend1,"‍SUPER OFERTA #Amazon | #Joyería
Swarovski Pendientes Sommerset, blanco, Baño de Rodio

PVP: 49,00€
PRECIO OFERTA: 36,17€

Link de compra
https://t.co/gxzwJPa1G3

Conoce el resto de nuestros canales en https://t.co/wivlEuTjuJ https://t.co/Ya2zPn7aJV",1.3112180247840563e+18
43,2020-09-30 08:12:02,mjeanne154,Just received my author copies and she's beautiful! #fallhollow available on #amazon out now! #book release #paperback https://t.co/dR8lPwczEh,1.311217224087208e+18
44,2020-09-30 08:12:11,creativemm12,"👉https://t.co/sHADlTBNqh #amazon👈
💯👉Auto Follower👈💯
💯👉#自動相互フォロー👈💯

#相互RT
#Yankees
#Titans
#Hillary #Clinton
#相互リツイート
#相互フォロー100
#500ADay
#followergenerator
#TeamFollowback
#1000ADay
#TFW
#followermachine",1.3112172639455068e+18
45,2020-09-30 08:11:38,CoolDealCA,"💲💰
#adidas womens Cloudfoam Pure R...
Reduced from $70.00 to $20.00

# #Deals #new #Deals #Amazon  #Deal #ganga

 https://t.co/vhjgaIwmX5 https://t.co/zxv07DrB1K",1.3112171262802289e+18
46,2020-09-30 08:13:37,KeChollos,"Under Armour Bolsa De Deportes 
#Amazon #ofertas #chollo #chollos #Deportes #UnerArmour #UA #Bolsa

💵Precio: 15.95€ (54%)
🚚Envío: GRATIS
https://t.co/OaDr544TO0",1.3112176250164797e+18
47,2020-09-30 08:15:15,chollismo,"‍BAJADA DE PRECIO #Amazon | #Hogar
Hopekings Máquina de Palomitas,1200W Aire Caliente sin Aceite con Taza Medidora y Funda Desmontable,Libre de Bpa, Negro

PVP: 33,49€
Precio con cupón: 23,44€

CUPÓN: K6H36NID

Link de compra
https://t.co/1poRoppEbQ

Conoce el resto de nues… https://t.co/IwozzbbkPP",1.3112180339359498e+18
48,2020-09-30 08:12:21,miumiuMH,"人間って、生きてる内に色々と大切なものを失うけど、でも、一方では『アメイジング グレイス』を授かっているのよね。その事にさえ気付けたらあとは何とかなるものよ。

虹の岬の喫茶店 (幻冬舎文庫) https://t.co/eCCThPckYW… #Amazon",1.3112173065722593e+18
49,2020-09-30 08:15:34,KeChollos,"One Piece Pirate Warriors 4 
#Amazon #ofertas #chollo #chollos #Videojuegos #Gaming #PS4 #Juego #OnePiece

💵Precio: 29.74€ (14%)
🚚Envío: GRATIS
https://t.co/Pq8xo1eqxW",1.3112181160603812e+18
,date,screen_name,tweet,tweet_id
0,2020-09-30 08:06:06,olgagibbsauthor,"Just submitted ""HALO"" paperback!
We're getting there. Fingers crossed it will pass the review although I don't anticipate any issues.
The paperback is a beaut!
#books #readers #readinglist #fantasy #epicfantasy #Swordcery #amazon #book #bookish #BookishTues #kobo https://t.co/Nt1teiasLq",1.3112157322194084e+18
1,2020-09-30 08:09:06,OhriSons,"O h r i s o n s . . .

A/W 20’ 

Fresh Arrivals 💕

Gown collection 😊

Shop from home 🏡 

What’s app us: 85957 47364

Follow @ohrisons__ 

.

.

#ohrisons #designe
#fashion #style
#clothing
#collection #gowns #autumn #Amazon #quote #XboxOne #xrp #shopfromhome #Yankees https://t.co/063CgSecTw",1.3112164872065352e+18
2,2020-09-30 08:05:45,tabishstr,"LYOMAN® Teeth Dental Doctor Office Clinic Home Wall Decals for Home Decorations Stickers Black https://t.co/3GDcYW6K73
#offervine #shope #offer #amazon #flipkart #shoping #top #newtrend",1.311215646353625e+18
3,2020-09-30 08:10:09,RoMemoria,"#Lasombradelverdugo, de @torres_escritor  Disponible en #Amazon en formato #ebook, https://t.co/h2JUvjoAwx y en #tapablanda https://t.co/rdoUUREpiK. #fantasia #aventura #magia #espada #regalo #guerreros #demonios  #librosfantasia #kindleunlimited #ebook https://t.co/CriVLvI0YV",1.3112167524544963e+18
4,2020-09-30 08:05:44,tabishstr,"Windream Baby Bassinet Grey Striped-Baby Lounger Breathable, Washable, Portable and Lightweight Perfect for Cuddling, Lounging, Co Sleeping, Napping and Travel(0-24 Months) https://t.co/FqXmzoJIBn
#offervine #shope #offer #amazon #flipkart #shoping #top #newtrend",1.3112156418447647e+18
5,2020-09-30 08:06:57,PointOtokuInfo,"https://t.co/vsMG5TtFPt

Switchの新型（Pro？）っていつ出るのかなぁ。
出るならそっちが欲しい。もちろん支払いは溜まった #dポイント で。
#amazon #ポイ活 #ちりつも",1.3112159472444703e+18
6,2020-09-30 08:08:31,sougo_review,"口コミ・レビュー多い商品が必ずしも人気商品とは言えない

#Amazon #レビュー #アマゾン #副業 #アマゾンレビュー #amazonレビュー #レビュー募集 #レビューアー #レビュー募集",1.3112163388413993e+18
7,2020-09-30 08:11:12,rakten_kaden_,"09/30 17:11

炊飯器 一人暮らし 3合 RC-MC30送料無料 
【楽天】6380円
【Amazon】6480円

★楽天で購入すると★
 100円 お得（お得率2％）

↓お得な情報を一覧で確認出来るサイト
https://t.co/kMQYxgL6Rh

#楽天市場 #Amazon #お得 #せどり https://t.co/sQYjOi721Q",1.311217015172944e+18
8,2020-09-30 08:10:00,Tarrako1162,"🔥CHOLLO! #Amazon | #Complementos

Diesel Discover-me Mirano, #Mochila para Hombre, 15x44x30 centimeters (W x H x L) 

   ❌ Antes: 90,00€
   🔥 PRECIO OFERTA: 37,53€🔥 -58%
   🔰 Enlace: https://t.co/sscUwEfQoy https://t.co/LlTvWFZzFH",1.3112167130027008e+18
9,2020-09-30 08:09:19,Healtha33037085,"#amazon #fragrance #perfume
Nautica Nautica midnight voyage 1.6 Ounce edt, 1.6 Fl Ounce
https://t.co/HfZDemfKX6",1.3112165404070666e+18
10,2020-09-30 08:05:42,kana_ogawa,"【UVケア】ベスト10
ALLIE(アリィー) アリィー エクストラUＶジェル 日焼け止め SPF50+/PA++++ 単品 90g
https://t.co/UxgDSrQ706 #Amazon",1.3112156337327555e+18
11,2020-09-30 08:05:48,kana_ogawa,"【UVケア】ベスト10
ユースキンS UVミルク SPF25 PA++ 40g (敏感肌用 日焼け止め)
https://t.co/syNMghB4aS #Amazon",1.3112156556564644e+18
12,2020-09-30 08:05:44,tabishstr,"Decor Production Self Adhesive Wallpaper Wall Sticker for Home Decor, Living Room, Bedroom, Hall, Kids Room, Play Room (PVC Vinyl, Water Proof 10 sq.ft)16×90 Inches Each Strip https://t.co/aVrQ8eSi8d
#offervine #shope #offer #amazon #flipkart #shoping #top #newtrend",1.3112156388542095e+18
13,2020-09-30 08:05:46,tabishstr,"Arihant Shop Blue Stones Ceramic Little Monk Figurine Home Decor Buddha Statue Figures Ornament for Car Living Room Tea-house https://t.co/d38N8oeBUj
#offervine #shope #offer #amazon #flipkart #shoping #top #newtrend",1.3112156499481313e+18
14,2020-09-30 08:10:26,ArisoniaI,"#Ottimo #hub #USB C #multiporta, #sembra di #qualità #molto #elevata-ARISONIA💻
#Acquista ora-
👉https://t.co/6Vbe6OkaqM
#adattatore #pc #taccuino #portatile #iPad #Italia #iphone #cavo #dati #Amazon #bhfyp #samsung #tecnologia #android #computer #accessories #Shazam #BillGates https://t.co/zDiOHnAPxr",1.311216824097411e+18
15,2020-09-30 08:05:47,tabishstr,"BLEQYS® Ocean Baby Bather for Newborn and Infants, Compact and Foldable https://t.co/cXvlBAVXnG
#offervine #shope #offer #amazon #flipkart #shoping #top #newtrend",1.3112156526617928e+18
16,2020-09-30 08:09:49,gaoqiaomeizhi,"レビュー不要
ご興味がございましたら、ご遠慮なくご連絡してください。

  #アマゾンレビュー #アマゾン #amazon #レビューア #アマゾンレビュー募集 #レビュー #無料商品  #Amazonレビュー募集 #レビュー不要 #数量限定 https://t.co/3W5uByxJ2G",1.31121666859341e+18
17,2020-09-30 08:05:42,tabishstr,"Glitz LED strip Light RGB Connector, Jointer for RGB 5050,models. Set of 5 pcs https://t.co/i5DOZygwtj
#offervine #shope #offer #amazon #flipkart #shoping #top #newtrend",1.311215632764076e+18
18,2020-09-30 08:10:34,ChollosDescubre,"‍SUPER PRECIO ❗️🔸 #Amazon | #Hogar
📣Intex 64756 - Cama de aire individual Dura-Beam Classic Downy, 76 x 191 x 25 cm

⛔️ PVP: 19,95€ 
 ✅PRECIO OFERTA: 10,95€ 

   ⤵️ Link de compra
   🌐 https://t.co/N1cDQqzRhM

Visto en https://t.co/HW2VwUc9d2 https://t.co/CeePnG8Ctx",1.3112168582977085e+18
19,2020-09-30 08:05:45,tabishstr,"Utkarsh ( Pack of 10 ) Led Lights Balloons for Birthday, Anniversary, Halloween,Home Decorations Parties with LED Flash Ball Lamp Mixed Colors Balloons,Glow in The Dark https://t.co/SwFrZebYNz
#offervine #shope #offer #amazon #flipkart #shoping #top #newtrend",1.3112156441641943e+18
20,2020-09-30 08:10:03,chicachick_2,"MALA ESTRELLA (La última vuelta del scaife) de @MercedesPintoM 
📱https://t.co/hZ4hlsz3tu
Mala estrella nos relata la dilatada y escabrosa vida de un judío que, empujado por un amor imposible, huye de Alemania a los diecinueve años en los albores del nazismo.
#queleer 
#Amazon https://t.co/nWMnwDeKan",1.3112167257158042e+18
21,2020-09-30 08:07:10,kimura_books,『シティ・オブ・グラス』『幽霊たち』『鍵のかかった部屋』（ニューヨーク三部作）などで有名な作家といえば、ポール○○○○○ https://t.co/wbnj0SOeGz #books #amazon,1.311216000562471e+18
22,2020-09-30 08:05:43,tabishstr,"CraftJunction Handcrafted Antique Finish Romantic Couple Sitting Decorative Polyresin Showpiece (16 cm , Black) https://t.co/fGcmBbbQOn
#offervine #shope #offer #amazon #flipkart #shoping #top #newtrend",1.311215636463399e+18
23,2020-09-30 08:10:00,NewsbytesHindi,"अब सिर्फ हथेली से करें ऑनलाइन पेमेंट और गेट में एंट्री, अमेजन बना रही नई टेक्नोलॉजी #Amazon 
https://t.co/IFAlh6ihRO",1.3112167127636255e+18
24,2020-09-30 08:10:31,spring41,"4th シングル""Take Your Marks”が@Amazonプライム の会員特典入りしました。即興一人芝居の冨士山絢々@fujiyamajunjun さんが誕生日に贈ってくれた詩に曲をつけました。#YouTubeMusic #SoundCloud #Spotify #deezer #iTunes #AppleMusic #AmazonMusic #AmazonPrime #Amazon
https://t.co/eeCkZiFNVO",1.3112168426235249e+18
25,2020-09-30 08:10:59,CholloLinkES,"‍SUPER PRECIO ❗️🔸 #Amazon | #Hogar
📣Intex 64756 - Cama de aire individual Dura-Beam Classic Downy, 76 x 191 x 25 cm

⛔️ PVP: 19,95€ 
 ✅PRECIO OFERTA: 10,95€ 

   ⤵️ Link de compra
   🌐 https://t.co/IBWnvs6Gp8

Visto en https://t.co/JpQzg3pNYP https://t.co/neRmUiKo0h",1.3112169624465244e+18
26,2020-09-30 08:06:04,amzn_deals_us,https://t.co/7BJ6e8J8WB Save 20% on Etekcity camping gear #Amazon #Deal https://t.co/yx7fInhRvp,1.3112157246779924e+18
27,2020-09-30 08:10:53,DarioMassi,#Amazon One: pagheremo col palmo della mano https://t.co/QkLat3aW2D,1.3112169383459922e+18
28,2020-09-30 08:10:14,poststand,"【本日9/30まで】
#Amazon #kindle で 哲学に触れる秋 最大50%OFFセール

この中から4冊読んだけどどれもよい
さすが #名著 のエッセンス本

#哲学 には科学が進歩しようとも古から存在し続ける人間の #悩み #苦悩 の解決のヒントがある！

https://t.co/dhHTo2oft7",1.3112167706533683e+18
29,2020-09-30 08:11:12,OfertacularRL,"‼️FUNKO UNITY RICK &amp; MORTY‼️ 👁‍🗨 #funkochollo #Amazon #chollo #oferta #ganga #funko #funkopop

⚫️ Funko- Pop Vinyl: Animation: Rick &amp; Morty: Unity Rick and Morty Figura de vinilo - coleccionable, Multicolor, talla únic

🛒: ➡️ https://t.co/FNacsBwFOT ⬅️

🟢 https://t.co/SdTO2TTDka https://t.co/5TUcJGdEdR",1.3112170140783084e+18
30,2020-09-30 08:06:24,OfertacularRL,"‼️🎯 SUPERCHOLLO 🎯‼️ 👁‍🗨 #Ofertacular #Amazon #chollo #oferta #ganga

⚫️ Taladro Atornillador 12V HYCHIKA 

🎟: Aplicar cupón dto.

🛒: ➡️ https://t.co/vSvmoVt3k4 ⬅️ https://t.co/OExDA3lClj",1.3112158069157765e+18
31,2020-09-30 08:08:04,amzn_deals_us,"https://t.co/gPRNfokzfr Save on DripDrop ORS – Patented Electrolyte Powder for Dehydration Relief Fast - For Workout, Hangover, Illness, Sweating &amp; Travel Recovery - Berry - 32 x 8oz Servings and more #Amazon #Deal https://t.co/ooWCKcYiom",1.3112162255073157e+18
32,2020-09-30 08:06:26,Healtha33037085,"#amazon #FRAGRANCE #perfume 
Kate Spade In Full Bloom Eau de Parfum Spray Womens Perfume,
https://t.co/RybTyZ5st0",1.3112158149435433e+18
33,2020-09-30 08:09:07,gaoqiaomeizhi,"こんにちは、アマゾンの商品はコメントを募集します。成功すれば全額返金できます。必要なら連絡してください。本当にありがとうございます。よろしくお願いします。
#シェーバー #男性用および女性用製品 #無料の製品  #数量限定 #amazonレビュー #Amazon #懸賞 #セラー #フォロー https://t.co/LQ2hY7RAU1",1.3112164916315832e+18
34,2020-09-03 18:26:48,LenovoLegion,"Lenovo Legion x @PlayApex
Now is your chance to rise above the rest. 
Unmatched performance, purposeful engineering, modern design.
Gear up with a machine as savage as you are.
Stylish outside.
Savage inside.",1.301587465258578e+18
35,2020-09-30 08:07:18,SrJCLORENZO,"Según la #CNMC:  #Amazon realiza labores de operador postal y debe cumplir con la normativa
https://t.co/W0i6Ekt3DA
a través de @anteksiler",1.311216034590929e+18
36,2020-09-30 08:07:06,amzn_deals_us,"https://t.co/me8wGWQ47c DisplayPort to HDMI, Benfei Gold-Plated DP Display Port to HDMI Adapter (Male to Female) Compatible for Lenovo Dell HP and Other Brand #Amazon #Deal #DisplayPorttoHDMI #BENFEI https://t.co/WpHFMk50ds",1.3112159822166508e+18
37,2020-09-30 08:08:00,DevanshDigital,"Tata Tea Gold, 500g by Tata Tea Gold 

https://t.co/2dv714oojC via @amazonIN 

Item FormLoose Leaves
BrandTata Tea Gold
Item Dimensions LxWxH60 x 110 x 244 Centimeters
Item Weight500 Grams
#Amazon #Tea #TataTea #Gold #TataTeaGold #500g",1.3112162122867425e+18
38,2020-09-30 08:09:45,Healtha33037085,"#amazon #fragrance #perfumes
COLONIA PURA BY ACQUA DI PARMA 180 ML/ 6.0 OZ EAU DE COLOGNE SPRAY
https://t.co/KytupydznS",1.3112166524620882e+18
39,2020-09-30 08:10:31,Tech_Acad,"So, while we were sifting through the diagnostics of making this thing dependable again, he's at home chasing every blog out there and calling other shops asking them what they think it might be. https://t.co/pemJ5G3Gbw

 #eBay #RespectisLearned #Amazon https://t.co/uNdMZKMr5J",1.3112168451695944e+18
40,2020-09-30 08:11:13,xsrp_s,"検索順位が急上昇したのでリライトして見やすくなりました。Amazonの商品購入についてのお得な情報です。参考にしてください。
#Amazon #アマゾン #お得情報 
【ラッキー】Amazonの「適切な外装に入れ替えられています」はお得に買えるチャンス！ https://t.co/IfqdAMcZpM",1.3112170204368404e+18
41,2020-09-30 08:06:48,catnap707,"2020/09/30 16:21 ごろ。つぎはぎブログで確認
#Amazon #Phishing 

◆件名
[重要]：お客様のプライム 会員資格がキャンセルされます

◆リンク
hxxps://hhdjfkd.fdhsjkfsd[.]xyz/

◆IP
173.82.133[.]229 #MULTACOM https://t.co/eQ8zVISGQU",1.3112159105317356e+18
42,2020-09-30 08:05:46,BlogLB,"https://t.co/N3eWSo2Tce
#books #libri #leggere #lettura #lettori #amazon #reading #amore #love #passion #emotion #travel #romance #contemporary #romantic #morestories #sofiaribes @SofiaRibes #ironic #uomoalpha #nerd #destiny https://t.co/qfrB0wWpGA",1.3112156497173545e+18
43,2020-09-30 08:06:11,rakten_kaden_,"09/30 17:06

【お買い物マラソンP2倍。25日はP5倍】【送料無
【楽天】6565円
【Amazon】7700円

★楽天で購入すると★
 1135円 お得（お得率17％）

↓お得な情報を一覧で確認出来るサイト
https://t.co/kMQYxgL6Rh

#楽天市場 #Amazon #お得 #せどり https://t.co/gVaXnVCFgt",1.311215755258544e+18
44,2020-09-30 08:06:52,mylifenews1,"Amazonプライム会員がワンクリック詐欺と話題！アマゾン強引契約の罠が怖すぎ！
https://t.co/WqDyE6eNMb
#アマゾン #Amazon #ワンクリック",1.3112159272669307e+18
45,2020-09-30 08:09:36,treeckobot,#Pokemon #preorder #Amazon,1.311216613501395e+18
46,2020-09-30 08:10:53,MaxiChollo,"‍SUPER PRECIO ❗️🔸 #Amazon | #Hogar
📣Intex 64756 - Cama de aire individual Dura-Beam Classic Downy, 76 x 191 x 25 cm

⛔️ PVP: 19,95€ 
 ✅PRECIO OFERTA: 10,95€ 

   ⤵️ Link de compra
   🌐 https://t.co/aeg4lroycG

Visto en https://t.co/HGTfnxg2wd https://t.co/BLIhPlJA3P",1.3112169364502323e+18
47,2020-09-30 08:09:12,XperienceDope,"Blasting Beanz ft Fred The Godson - Sunshine (Dirty) right now on Pretty Dope Xperience Radio aka #BlackPandora

listen now and catch a wave!! https://t.co/VqKFopeoex  #nowplaying #np #RT  #NowStreaming #Streema Download Now #Alexa #GooglePlay #iOSAppStore #Amazon #",1.311216514675155e+18
48,2020-09-30 08:06:06,creativemm12,"&lt;Current Weather&gt;
Dallas
Temperature: 58.51°F/ Status: clear
👉https://t.co/DybWPAvFI9  #amazon👈
💯👉Auto Follower👈💯
💯👉#自動相互フォロー👈💯

#TeamFollowback
#Bad #Bunny #Crocs
#Titans
#National #Coffee #Day
#TeamFollowback
#followermachine
#TFW",1.311215734559658e+18
49,2020-09-30 08:10:07,DevanshDigital,"Check out BRU Instant Coffee, 100g by #Bru 

https://t.co/X2LpIIfGnR via @amazonIN 

M.R.P.:₹ 170.00
Price:₹ 153.00 Pantry badge
You Save:₹ 17.00 (10%)
#Amazon #AmazonPantry #Instant #Coffee #InstantCoffee",1.311216742929068e+18
,date,screen_name,tweet,tweet_id
0,2020-09-30 08:05:06,XperienceDope,"Blasting Soni WithanEye ft Mobb Deep - Coming From Queens (Dirty) right now on Pretty Dope Xperience Radio aka #BlackPandora

listen now and catch a wave!! https://t.co/VqKFopeoex  #nowplaying #np #RT  #NowStreaming #Streema Download Now #Alexa #GooglePlay #iOSAppStore #Amazon #",1.3112154795251712e+18
1,2020-09-30 08:05:27,cholloofertas,"PRECIAZO  #Amazon

AUKEY Soporte Móvil Coche Rejillas del Aire 360 Grados Rotación Soporte Teléfono Coche Ventilación para iPhone 11 / XS Max, Google Pixel 3 XL, Samsung, GPS y otros Smartphone

 Antes: 9,99€
 PRECIO OFERTA: 7,21€
 Ahorras: -2,78€ (27%)

     Enlace: … https://t.co/py3WVEpCmY",1.311215569740464e+18
2,2020-09-30 08:05:14,cholloofertas,"CHOLLACO  #Amazon

WISDOMLIFE Cuerda para ejercitar piernas, 4 Tubos, multifunción, para Yoga, Fitness, Pedal, dominadas, Culturismo, etc. Bandas de Ejercicio de Resistencia para Gimnasio en casa (Azul)

 Antes: 13,99€
 PRECIO CON CUPÓN: 5,60€
 Ahorras: -8,39€ (59%)

      C… https://t.co/iBKAeVmiAW",1.3112155140484383e+18
3,2020-09-30 08:05:04,cholloofertas,"CHOLLACO  #Amazon

Energizer - Pilas Recargables Accu Recharge Universal 500 mAh HR03 AAA, 4 Pilas, Plata

 Antes: 6,95€
 PRECIO OFERTA: 3,09€
 Ahorras: -3,86€ (55%)

     Enlace: https://t.co/OGvUgFtzYj

 Más en https://t.co/nQjbdDXUA6 https://t.co/BXEtT9Zki0",1.311215471262339e+18
4,2020-09-30 08:05:09,cholloofertas,"CHOLLACO  #Amazon

Kipling Firefly Up, Mochilas para Mujer, Blanco (White Metallic), 22x31x14 cm

 Antes: 95,00€
 PRECIO OFERTA: 39,87€
 Ahorras: -55,13€ (58%)

     Enlace: https://t.co/TnUk5ohKI4

 Más en https://t.co/nQjbdDXUA6 https://t.co/sFjrmtE9L9",1.3112154927875604e+18
5,2020-09-30 08:03:59,MaryonAdx,#Amazon,1.3112152002558403e+18
6,2020-09-30 08:05:06,kana_ogawa,"【UVケア】ベスト10
アネッサ パーフェクトUV スキンケアミルク SPF50+/PA++++ 60mL
https://t.co/INSgKXAMld #Amazon",1.3112154800702587e+18
7,2020-09-30 08:05:02,unapromoalgiorn,"Abbigliamento, gioielli e accessori: nuovi sconti su #Amazon dal 70% al 40% https://t.co/woBLsCcjVb",1.311215462664024e+18
8,2020-09-30 08:04:52,hispachollos,"Cepilladora Eléctrica, TACKLIFE 900W 14500RPM Cepillo Eléctrico Madera con profundidad 3mm y Ancho 82mm, La base de aluminio, Guía de Corte, Bolsa de Polvo y Otros Accesorios | EPN02A  #Amazon 🇪🇸

⚡ Precio con Cupón: 44,99€

🎯 Código ...
https://t.co/TwgrZf9Uoz
#chollo",1.3112154211991798e+18
9,2020-09-30 08:03:57,hispachollos,"🌀 SWEYE Batería Externa 26800mAH Carga Rápida de Power Bank 2 USB Cargar y Luces LED [Ultra Capacidad］Cargador Movil Portátil Compacto con Múltiples Protecciones para Android Smartphones Tabletas, etc. #Amazon 🇪🇸

🔘 Marca la casilla ...
https://t.co/ijHrvGSciA
#chollo",1.3112151935030108e+18
10,2020-09-30 08:05:20,MagdaDJG,"¡¡¡LECTURA INOLVIDABLE!!!

""UN SOLO CAMINO"" de la autora Mónica Gallart.
Enlace #amazon https://t.co/hJGQJVNB8x
Una historia dramática muy bien escrita donde conoceremos a Daniel Garrido y otros personajes
@MagdaDJG
 
@JARios_autor
 
@ADVANCEBOOKS777 https://t.co/Cb4jXo6cXH",1.3112155414372475e+18
11,2020-09-30 08:05:07,cholloofertas,"PRECIAZO  #Amazon

Rowenta Nomad TN1410 - Cortapelos con y sin cable con cuchillas de acero inoxidable y 19 longitudes de corte con autonomía de 40 minutos, incluye cepillo y aceite, red + recargable, negro

 Antes: 25,99€
 PRECIO OFERTA: 19,00€
 Ahorras: -6,99€ (26%)

     … https://t.co/VfJdwLKLdL",1.3112154829812285e+18
12,2020-09-30 08:03:03,AuthorOSanchez,"A Broken Pact. An Ancient Enemy. A Bitter Betrayal.
https://t.co/LSLUahxfqG
#amazon #kindle #fantasy #urban https://t.co/ZXatVpploz",1.3112149647665807e+18
13,2020-09-30 08:03:12,amzn_deals_us,https://t.co/L2exsqyIw3 Ultra-Slim Wireless Charger 15W Max #Amazon #Deal #YootechUpgradedWirelessCharger #GalaxyS20S10Pixel34XL #AirPodsPro #yootech #LF10015W https://t.co/njYcS4Adek,1.3112150040378532e+18
14,2020-09-30 08:04:00,kentravel0512,"な、な、なんと
アマゾンジャパンが20億円返金へ・・・

▼詳細はクリック▼

https://t.co/K5iu4FAQ0w

#Amazon
#返金 https://t.co/ByYiuC0MN9",1.311215203262935e+18
15,2020-09-30 08:05:32,kana_ogawa,"【UVケア】ベスト10
ニベアサン 高密着ケア UVミルキィジェル 80g SPF50+ PA++++
https://t.co/8MKmjiRPi6 #Amazon",1.3112155898604134e+18
16,2020-09-30 08:05:16,kana_ogawa,"【UVケア】ベスト10
【https://t.co/u4EfhPUCmC 限定】 KOSE コーセー サンカット パーフェクト UV ジェル SPF50+ PA++++ スーパーウォータープルーフ 100g
https://t.co/PXuU1jske3 #Amazon",1.3112155237916877e+18
17,2020-09-30 08:05:17,cholloofertas,"BUEN DESCUENTO  #Amazon

*ULTRA* Cepillo Limpiador de Poros Facial 7 en 1 cepillo eléctrico Facial de Limpieza de SPA para el cuidado de la piel Limpiador Piel Facial con Dos Velocidades Limpia-Poros, Acné y Exfoliante

 Antes: 15,79€
 PRECIO OFERTA: 9,99€
 Ahorras: -5,80€ (… https://t.co/Ctea2E3BEL",1.3112155250459034e+18
18,2020-09-30 08:02:48,Healtha33037085,"#amazon #skincare 
CeraVe Moisturizing Cream for Normal to Dry Skin  19 Ounce  Fragrance Free  Packaging May Vary
[ DRY SKIN CREAM ] Suitable for use on the entire body, face, and even as hand cream for dry hands

[ ALL DAY HYDRATION ] Provides 24-hour 
https://t.co/rZDnwBodE8",1.3112149015247544e+18
19,2020-09-30 08:04:33,Healtha33037085,"#amazon #facecare #skincare
Acne Treatment Differin Gel, Acne Spot Treatment for Face w/ Adapalene (up to 30 day supply), 15 gram, pump
CLEARS breakouts where they start (Deep in pores) and prevents new acne from forming, which ultimately restores skin's 
https://t.co/braEKvtnbg",1.3112153416582758e+18
20,2020-09-30 08:03:38,Healtha33037085,"#amazon #skincare 
Bio-Oil Skincare Oil, 2 Ounce, Body Oil for Scars and Stretchmarks, Hydrates Skin, Non-Greasy, Dermatologist Recommended, Non-Comedogenic, For All Skin Types, with Vitamin A, E
Improves appearance of scars and stretch marks - Clinically
https://t.co/ogN1axSaO7",1.3112151135719834e+18
21,2020-09-30 08:05:27,kana_ogawa,"【UVケア】ベスト10
スキンアクア (SKIN AQUA) 日焼け止め スーパーモイスチャージェル 潤い成分4種配合 光耐久技術採用 (SPF50+ PA++++) 110g ※スーパーウォータープルーフ
https://t.co/DKC4yEBf1P #Amazon",1.3112155678445117e+18
22,2020-09-30 08:04:44,tmsl_info,"【本日限定】本格シャンパン や ワインセットなどがお買い得 ...
https://t.co/7ZUO4ZQvHt
#Amazon #タイムセール",1.311215388772819e+18
23,2020-09-30 08:02:55,spring41,"1stシングル「エキストラたちの咆哮 Roar of Extras」が #Amazonプライム 会員特典入りしています。
プライム会員の方はAmazon Prime Musicにて無料でお聴きいただけます。Produced by @MyFirstSingleUK 
#amazon #AmazonPrime #amazonprimemusic #AmazonMusic #tunecore
https://t.co/TbbSwxGmzI",1.3112149327471985e+18
24,2020-09-30 08:05:41,tabishstr,"Inflatable Kids Bath Tub Baby Swimming Pool (1-3 Years) (Multicolor) (Without Pump) https://t.co/85aOhPaQ2Z
#offervine #shope #offer #amazon #flipkart #shoping #top #newtrend",1.3112156285067592e+18
25,2020-09-30 08:03:06,_FinancialWorld,Amazon rolls out palm payment technology https://t.co/WtNRWDB90b via @Finextra #amazon #identity #cybersecurity #biometrics #fintech #tech #data #investment #payments #financialservices,1.311214977311748e+18
26,2020-09-30 08:05:37,kana_ogawa,"【UVケア】ベスト10
NULL 日焼け止め メンズ ウォータープルーフ (顔 ＆ 全身 用) SPF50+ PA++++ ロングUVA対応 40g (特殊製法で 汗/水 にめっぽう強い) (白くならない/クレンジング不要) スポーツ ゴルフ 用
https://t.co/QqEWPohNbT #Amazon",1.3112156117671895e+18
27,2020-09-30 08:05:14,virani_anwar,I played this interesting Guess and Win on Amazon-Try your luck for a chance to win exciting rewards. #Amazon #AmazonQuiz,1.3112155160659026e+18
28,2020-09-30 08:05:25,cholloofertas,"CHOLLACO  #Amazon

Oral-B Pro 600 3D White - Cepillo de Dientes Eléctrico con Tecnología Braun

 Antes: 52,24€
 PRECIO OFERTA: 25,83€
 Ahorras: -26,41€ (50%)

     Enlace: https://t.co/iebVrnAJdG

 Más en https://t.co/nQjbdDXUA6 https://t.co/YNUwR2C4kb",1.3112155585290895e+18
29,2020-09-30 08:05:22,cholloofertas,"BUEN DESCUENTO  #Amazon

HUAWEI Band 4 Pro - Pulsera de actividad con pantalla AMOLED de 0.95 pulgadas, monitorización continua con TruSeen 3.5 24/7, monitoreo del sueño, GPS incorporado, 5 ATM, color graphite black

 Antes: 79,00€
 PRECIO OFERTA: 49,00€
 Ahorras: -30,00€ (3… https://t.co/gTOhBh9G4F",1.3112155488989716e+18
30,2020-09-30 08:05:04,MagdaDJG,"¡¡¡LECTURA INOLVIDABLE!!!

""UN SOLO CAMINO"" de la autora Mónica Gallart.
Enlace #amazon https://t.co/hJGQJVNB8x
Una historia dramática muy bien escrita donde conoceremos a Daniel Garrido y otros personajes
@MagdaDJG
 
@JARios_autor
 
@ADVANCEBOOKS777 https://t.co/x21yUcm5DI",1.3112154745507553e+18
31,2020-09-30 08:05:40,tabishstr,"Sculpture Statues of Ganesh God Metal Brass 6 Inches https://t.co/az9D6mlynA
#offervine #shope #offer #amazon #flipkart #shoping #top #newtrend",1.311215625042305e+18
32,2020-09-30 08:03:22,readinglistbook,Read The New Case for Gold  | #Kindle #Free #Amazon #Books #Romance #Reading #Book https://t.co/fr2uYrrssG,1.3112150467399926e+18
33,2020-09-30 08:05:11,kana_ogawa,"【UVケア】ベスト10
ANESSA(アネッサ) パーフェクトUV スキンケアスプレー a 日焼け止め シトラスソープの香り 60g
https://t.co/zP9tTIUTEe #Amazon",1.3112155019477524e+18
34,2020-09-30 08:05:22,kana_ogawa,"【UVケア】ベスト10
【大容量】 ビオレUV アクアリッチ ウォータリージェル 155ml (通常品の1.7倍) 日焼け止め SPF50+ / PA++++
https://t.co/RqF3J99MIv #Amazon",1.311215545912496e+18
35,2020-09-30 08:05:04,ADVANCEBOOKS777,"¡¡¡LECTURA INOLVIDABLE!!!

""UN SOLO CAMINO"" de la autora Mónica Gallart.
Enlace #amazon https://t.co/itZRyxIwkc
Una historia dramática muy bien escrita donde conoceremos a Daniel Garrido y otros personajes
@MagdaDJG
 
@JARios_autor
 
@ADVANCEBOOKS777 https://t.co/yJc7vNCFPV",1.311215474517201e+18
36,2020-09-30 08:05:04,Siseo_marketing,"Un nuevo sistema de identificación (para pagar e identificarse): la palma de la mano. Ya en pruebas en Amazon, en sus tiendas Amazon Go, de Seattle. No pinta mal. Sobre todo para temas como entrar en los estadios. 🤔🏟️✋ #amazon https://t.co/WlDBcsoLny",1.3112154743326228e+18
37,2020-09-30 08:05:02,DevanshDigital,"Tata Tea Premium, 1kg by #Tata 

https://t.co/8wjcHGob7b via @amazonIN 

Price:₹ 385.00 (₹ 38.50 / 100 g) Pantry badge
#Amazon #AmazonPantry #TataTea #PremiumTea #Tea",1.311215462022148e+18
38,2020-09-30 08:04:58,tiwari057,"Which is better shopping experience in terms of ""filter option""- 
Flipkart , Amazon, Myntra, Ajio ?

for me its Flipkart

#ecommerce #shopping #Flipkart #Amazon #ajio #onlineshopping #Myntra",1.3112154487513907e+18
39,2020-09-30 08:03:43,gaoqiaomeizhi,こんにちは、アマゾンの商品はコメントを募集します。成功すれば全額返金できます。必要なら連絡してください。本当にありがとうございます。よろしくお願いします。#アマゾンレビュー #アマゾン #amazon #レビューア #アマゾンレビュー募集 #レビュー #無料商品  #Amazonレビュー募集 #数量限定 https://t.co/FFqiJXJDHw,1.3112151325596017e+18
40,2020-09-30 08:05:18,gaoqiaomeizhi,"レビュー募集しています
応募方法：フォロー/RT/コメント
返金方法：PayPal、Paypay、LINE Pay、Amazonギフト券など。
ご興味がございましたら、ご遠慮なくご連絡してください。🥰
#アマゾンレビュー #アマゾン #amazon #レビューア #アマゾンレビュー募集 #無料の製品  #ペット用品 https://t.co/q9qwRspDpA",1.311215530565542e+18
41,2020-09-30 08:05:19,cholloofertas,"PRECIAZO  #Amazon

LG 55UN7100ALEXA - Smart TV 4K UHD 139 cm (55"") con Inteligencia Artificial, Procesador Inteligente Quad Core, HDR 10 Pro, HLG, Sonido Ultra Surround

 Antes: 599,00€
 PRECIO OFERTA: 459,74€
 Ahorras: -139,26€ (23%)

     Enlace: https://t.co/PQEzB2mrT0

… https://t.co/zYIPdHvMzH",1.311215537276498e+18
42,2020-09-30 08:05:04,ADVANCEBOOKS777,"¡¡¡LECTURA INOLVIDABLE!!!

""UN SOLO CAMINO"" de la autora Mónica Gallart.
Enlace #amazon https://t.co/itZRyxIwkc
Una historia dramática muy bien escrita donde conoceremos a Daniel Garrido y otros personajes
@MagdaDJG
 
@JARios_autor
 
@ADVANCEBOOKS777 https://t.co/7IJhiwXwP6",1.3112154739593585e+18
43,2020-09-30 08:05:05,JARios_autor,"¡¡¡LECTURA INOLVIDABLE!!!

""UN SOLO CAMINO"" de la autora Mónica Gallart.
Enlace #amazon https://t.co/QVYG5oGl9h
Una historia dramática muy bien escrita donde conoceremos a Daniel Garrido y otros personajes
@MagdaDJG
 
@JARios_autor
 
@ADVANCEBOOKS777 https://t.co/0WsfHER4iG",1.311215474852737e+18
44,2020-09-30 08:04:08,amzn_deals_us,"https://t.co/HFJKtUM2iU Akyen A-Frame Dumbbell Rack Stand Only-5 Tier Weight Rack for Dumbbells (570 Pounds Weight Capacity, 2020 Version) #Amazon #Deal #2020Version #Akyen https://t.co/sqZ4374xIJ",1.311215239233446e+18
45,2020-09-30 08:04:02,atushi5107,ガンガンフォロー！ジャンジャンフォローよろしく！フォロー返し１００％だよ　#followmeJP　#sougofollow　#followdaibosyu　#followme　#amazon,1.3112152134886973e+18
46,2020-09-30 08:05:01,kana_ogawa,"【UVケア】ベスト10
ニベアサン プロテクトウォータージェル SPF50/PA+++ ポンプ 140g
https://t.co/ACditzVWgE #Amazon",1.31121545821372e+18
47,2020-09-30 08:04:09,digiaonline,"Spekulointi suomalaisten verkkokauppojen kohtalosta käy kuumana verkkokauppajätin laajentuessa länsinaapuriin. Itkuvirttä ei kannata suoraan viritellä, sillä tilanne saattaa tarjota myös uusia mahdollisuuksia kotimaisille toimijoille: https://t.co/BVar8XaK9Y #ecommerce #amazon",1.3112152423163167e+18
48,2020-09-30 08:05:11,cholloofertas,"OFERTA  #Amazon

Listerine Enjuague Bucal - 500 ml

 PRECIO OFERTA: 8,99€

     Enlace: https://t.co/iYOeCKQpMP

 Más en https://t.co/nQjbdDXUA6 https://t.co/9CwFVKluxX",1.3112155032942019e+18
49,2020-09-30 08:05:04,JARios_autor,"¡¡¡LECTURA INOLVIDABLE!!!

""UN SOLO CAMINO"" de la autora Mónica Gallart.
Enlace #amazon https://t.co/QVYG5oGl9h
Una historia dramática muy bien escrita donde conoceremos a Daniel Garrido y otros personajes
@MagdaDJG
 
@JARios_autor
 
@ADVANCEBOOKS777 https://t.co/53cq6iLx4u",1.3112154744080712e+18
,date,screen_name,tweet,tweet_id
0,2020-09-30 08:01:31,gaoqiaomeizhi,こんにちは、アマゾンの商品はコメントを募集します。成功すれば全額返金できます。必要なら連絡してください。本当にありがとうございます。よろしくお願いします。#アマゾンレビュー #アマゾン #amazon #レビューア #アマゾンレビュー募集 #レビュー #無料商品  #Amazonレビュー募集 https://t.co/Chm9ML1mE8,1.3112145794902548e+18
1,2020-09-30 08:02:26,cruisinmommy,Love Speculative Fiction? #Win a Mega Book Gift Basket in this #Amazon &amp; #Goodreads #Giveaway via @sffbookbonanza: https://t.co/2DIHg3wjUX,1.3112148083986596e+18
2,2020-09-30 08:01:03,LozinaStipe,"FOR ALL THOSE WHO WANT TO BECOME A PART OF ""OUR STORY"" BOOK SERIES

https://t.co/JGdszzd596

#ourstory #echoesofthepast #amazon #kindle #zombieapocalypse #series #newnovel https://t.co/UUh0wKComa",1.3112144624945316e+18
3,2020-09-30 08:01:25,jvdelaneyinked,"Hello Everyone! I hope you are keeping safe and well during these hard times. Available KU and Amazon
https://t.co/9Ec4ZOVY63
#Reading  #shifting #KindleUnlimited #kindle #Goodreads #kindlebr #kindleuk #amazon #amazonreads #YAFantasy #paranormalromance #books #RomanceReaders https://t.co/gmYWj3UL5P",1.3112145534687928e+18
4,2020-09-30 08:00:36,o_n_pon,"Amazonでペット用品をよく買う方は必見
「プライムペット」ていうお得なサービスがあるよ
#ペット #amazon #primepets

https://t.co/nlrx259px8",1.3112143483966874e+18
5,2020-09-30 08:00:39,YoctoIT,"Sotto il servizio di #CloudGaming di #Amazon ""Luna"" ci saranno server #Windows e GPU #Nvidia, più precisamente istanze EC2 G4 con Windows, con Nvidia T4 (Turing) e CPU Intel Cascade Lake. https://t.co/TuZP2N3pfZ",1.3112143594111345e+18
6,2020-09-30 08:01:08,DebraUllrick,"Straight into the arms of danger. ""Dear, God, no! Help me, Jack!"" FOREWARNED https://t.co/1sPRyz5Fb3 #suspense #romance #Amazon",1.311214483847762e+18
7,2020-09-30 08:00:45,gaoqiaomeizhi,こんにちは、アマゾンの商品はコメントを募集します。成功すれば全額返金できます。必要なら連絡してください。本当にありがとうございます。よろしくお願いします。#アマゾンレビュー #アマゾン #amazon #レビューア #アマゾンレビュー募集 #レビュー #無料商品  #Amazonレビュー募集 https://t.co/fbH6Bxj9xg,1.3112143878483313e+18
8,2020-09-30 08:00:11,yuki_nagase,"【コンタクトレンズ】ベスト10
ワンデーピュアうるおいプラス 【BC】8.8【PWR】-3.25 32枚入
https://t.co/0cB505dtlc #Amazon",1.3112142436816773e+18
9,2020-09-30 08:01:52,TheInStockRoom,"***New Deal***
Grandeur Grande Victorian Plat...
Reduced from $187.88 to $38.22
https://t.co/Bqzg6mPkYT
#Deals #newDeals #Amazon https://t.co/x6u0hyCQv0",1.3112146665516442e+18
10,2020-09-30 08:00:44,OnlyGearBest,"🌟 [𝗢𝗻𝗹𝘆 𝗚𝗲𝗮𝗿𝗯𝗲𝘀𝘁] 🌟

🔊 Rowenta CV7825F0 Blanco - Secador de pelo AC, Potencia 2100W, motor categoría profesional AC, 6 #amazon

🌍 Enlace: https://t.co/WmPjOZ5onB

Te esperamos en telegram: https://t.co/mPaN5u2fFj https://t.co/TBnZd4T45q",1.311214380915327e+18
11,2020-09-30 08:01:22,gaoqiaomeizhi,こんにちは、アマゾンの商品はコメントを募集します。成功すれば全額返金できます。必要なら連絡してください。本当にありがとうございます。よろしくお願いします。#アマゾンレビュー #アマゾン #amazon #レビューア #アマゾンレビュー募集 #レビュー #無料商品  #Amazonレビュー募集 https://t.co/i0VmMcN4KX,1.311214541884203e+18
12,2020-09-30 08:00:25,shinchaku,【発売日：2020/09/20】SWITCH Vol.38 No.10 特集 浅田政志と家族写真(表紙:二宮和也)  https://t.co/pxW7UcdVec #amazon,1.3112143013158175e+18
13,2020-09-30 08:02:18,K__98_,今度は噴出してくるのか！！部屋も一気に除菌できそう！#Yahoo #楽天 #Amazon #除菌 #コロナウイルス ・アルコール噴霧器・噴射器:在庫あり!今すぐに買える通販商品一覧【コロナウイル ス】 https://t.co/pM760j77Rs,1.311214776064684e+18
14,2020-09-30 08:01:28,ConnieFurnari,"GENTLEMAN https://t.co/4bMv0Nxz0i
#Amazon #KindleUnlimited #KindleBooks #AmazonKindle #KindleStore #Kindle #Leggere #Racconti #Romance #BestSellers #Erotica #Libri #Romanzi #Book #Books #eBook #eBooks #love #buongiorno #ASMSG #IARTG #IAN1 #BookBoost #KU #99c #99cents #30Settembre https://t.co/jxf4k9ZxqC",1.3112145649068073e+18
15,2020-09-30 08:01:24,Ben_Harris91,"Brilliant opening month of @OfficialFPL winning the #Wickens Manager of the Month award for September. Would personally like to thank @CalvertLewin14, @Patrick_Bamford and #HeungMinSon for their contributions so far this season. Buzzing with my £25 #Amazon voucher prize.",1.3112145505748623e+18
16,2020-09-30 08:00:43,yuki_nagase,"【コンタクトレンズ】ベスト10
メダリストワンデープラスマキシボックス(90枚入) 【BC】8.6 【PWR】-7.50
https://t.co/g3uPOxETbY #Amazon",1.3112143756932874e+18
17,2020-09-30 08:01:58,CoolDealCA,"💲💰
Grandeur Grande Victorian Plat...
Reduced from $187.88 to $38.22

# #Deals #new #Deals #Amazon  #Deal #ganga

 https://t.co/Y1C28D7obo https://t.co/HNHeyf4Zzg",1.3112146913734615e+18
18,2020-09-30 08:00:52,NicholasPurifi1,"For any kind of product Photo Edit &amp; retouch: https://t.co/D17ygiyDgF
#photoediting #editing #photoshop #retouching #edit #amazon #product #edits #remove #background https://t.co/ca5GWIh2Fo",1.3112144141172695e+18
19,2020-09-30 08:00:46,MenudoPaquete,"🌟 [𝗠𝗲𝗻𝘂𝗱𝗼 𝗣𝗮𝗾𝘂𝗲𝘁𝗲] 🌟

🔊 Rowenta CV7825F0 Blanco - Secador de pelo AC, Potencia 2100W, motor categoría profesional AC, 6 #amazon

🌍 Enlace: https://t.co/V4zezVuQIj

Te esperamos en telegram: https://t.co/IbEojfZpa4 https://t.co/QyMNvcxFeP",1.3112143888047514e+18
20,2020-09-30 08:02:46,LCy5HsI33j4opdL,"キャンプに備えて準備はバッチリですか？
2020年9月30日17時のアウトドア用品売り上げランキングは？

 こちらをチェック↓
 https://t.co/1TP1uTw4MA 

#Amazon #アマゾン #ランキング #アウトドア #キャンプ",1.3112148924440822e+18
21,2020-09-30 08:00:24,shinchaku,【発売日：2020/09/09】ようかい居酒屋　のんべれケ。（４） (マガジンポケットコミックス)  https://t.co/AyeSwJBcgg #amazon,1.3112142974654505e+18
22,2020-09-30 08:00:22,chicachick_2,"UNA DE LAS TRES @MercedesPintoM 
📱https://t.co/RzbpnBlCuG 
📖https://t.co/euBli7fj2v
Separadas en la infancia se reencuentran y tienen un objetivo.
#Amazon 
#KindleUnlimited 
#KindlePublishing 
#novela 
#BookTwitter 
#books 
#readingcommunity https://t.co/GMkkJ4rO6J",1.311214288258949e+18
23,2020-09-30 08:01:11,adwexp,"Do you want to know what EU #PPC professionals believe to be the best performing networks, their average incomes, years of seniority, certifications, most used tools etc? Do not miss this https://t.co/J0uOQ0F9Cf #Google Ads #FacebookAds #Microsoft #Amazon #LinkedinAds #TwitterAds",1.311214495755391e+18
24,2020-09-30 08:00:24,shinchaku,【発売日：2020/09/26】フリーライフ ～異世界何でも屋奮闘記～(5) (角川コミックス・エース)  https://t.co/BCr00DI09s #amazon,1.3112142987740733e+18
25,2020-09-30 08:01:05,gaoqiaomeizhi,こんにちは、アマゾンの商品はコメントを募集します。成功すれば全額返金できます。必要なら連絡してください。本当にありがとうございます。よろしくお願いします。#アマゾンレビュー #アマゾン #amazon #レビューア #アマゾンレビュー募集 #レビュー #無料商品  #Amazonレビュー募集 https://t.co/V2KtcLjqdl,1.3112144687815967e+18
26,2020-09-03 18:26:48,LenovoLegion,"Lenovo Legion x @PlayApex
Now is your chance to rise above the rest. 
Unmatched performance, purposeful engineering, modern design.
Gear up with a machine as savage as you are.
Stylish outside.
Savage inside.",1.301587465258578e+18
27,2020-09-30 08:02:12,amzn_deals_us,"https://t.co/I68hKPU2Ul Posture Corrector for Men and Women - Upper Back Brace Straightener with Adjustable Breathable Clavicle Support Effective for Neck, Back and Shoulder Pain Relief Lumbar Support #Amazon #D https://t.co/I0esPT4hAX",1.3112147492423393e+18
28,2020-09-30 08:00:27,yuki_nagase,"【コンタクトレンズ】ベスト10
2WEEKメニコン プレミオ 【BC】8.6【PWR】-4.25 6枚入
https://t.co/VzloH5sOLj #Amazon",1.3112143095491133e+18
29,2020-09-30 08:00:32,yuki_nagase,"【コンタクトレンズ】ベスト10
ワンデー アキュビュー トゥルーアイ 【BC】9.0【PWR】-2.25 90枚入
https://t.co/v4bXjIDqkX #Amazon",1.311214332009562e+18
30,2020-09-30 08:01:19,Healtha33037085,"#amazon #haircare #hairdryer
Revlon One-Step Hair Dryer And Volumizer Hot Air Brush, Black, Packaging May Vary
Delivers gorgeous volume and brilliant shine in a single step

Unique oval brush design for smoothing the hair, while the round edges create 
https://t.co/h9dyYALQpD",1.3112145273005548e+18
31,2020-09-30 08:00:45,reinadellowcost,"🌟 [𝗟𝗮 𝗿𝗲𝗶𝗻𝗮 𝗱𝗲𝗹 𝗟𝗼𝘄𝗰𝗼𝘀𝘁] 🌟

🔊 Rowenta CV7825F0 Blanco - Secador de pelo AC, Potencia 2100W, motor categoría profesional AC, 6 #amazon

🌍 Enlace: https://t.co/O7kvlcDMZg

Te esperamos en telegram: https://t.co/Jxndx9pJCJ https://t.co/lVCahdzLIf",1.3112143848201708e+18
32,2020-09-30 08:00:12,dealnarwhal,A&amp;R Hockey Stick Bag $5.36 https://t.co/DBEPLzIjqL at #Amazon https://t.co/YJG00IftQG,1.3112142467268608e+18
33,2020-09-30 08:01:08,SuperCholloss,"🏆⚡️ ¡TOP 20 OFERTAS DEL DÍA EN AMAZON! ⚡️ 🏆
✨ Mejores Ofertas #Amazon MIÉRCOLES 30 de SEPTIEMBRE de 2020

👉 VER CHOLLOS: https://t.co/sGY9Firh2b https://t.co/RlCJct02Q8",1.3112144811843707e+18
34,2020-09-30 08:01:14,best_deals_US,"Check this out!
Slime 20088 4-Way Valve Tool with 4 Valve Cores

Offer price: $1.98 (64% OFF!)
Retail: $5.43

https://t.co/HxMcuA3DEZ

#Amazon #sale #WednesdayWisdom https://t.co/TJQXOx55yS",1.311214509424431e+18
35,2020-09-30 08:01:35,DevanshDigital,"Online shopping for Tea &amp; Coffee offer store: Grocery &amp; Gourmet Foods at https://t.co/4xUANtdsES 

https://t.co/IFl4fluH0H via @amazonIN 

#Amazon #AmazonPantry #Grocery #Gourmet #Foods #Tea #Coffee #offer #store #Deals",1.3112145949127352e+18
36,2020-09-30 08:00:16,yuki_nagase,"【コンタクトレンズ】ベスト10
メダリスト ワンデープラス 【BC】8.6【PWR】-3.75 90枚入
https://t.co/H2WQYwXak7 #Amazon",1.3112142656053453e+18
37,2020-09-30 08:00:22,yuki_nagase,"【コンタクトレンズ】ベスト10
ワンデー アキュビュー オアシス 【BC】9.0【PWR】-3.25 90枚入
https://t.co/XKsUF6sRnx #Amazon",1.311214287608709e+18
38,2020-09-30 08:01:11,rakten_kaden_,"09/30 17:01

デロンギ 電気ケトル「アイコナ・ヴィンテージ　コレ
【楽天】6664円
【Amazon】6727円

★楽天で購入すると★
 63円 お得（お得率1％）

↓お得な情報を一覧で確認出来るサイト
https://t.co/kMQYxgL6Rh

#楽天市場 #Amazon #お得 #せどり https://t.co/Qn5cRnjLB0",1.3112144952434483e+18
39,2020-09-30 08:00:22,shinchaku,【発売日：2020/09/12】カラオケ行こ！ (ビームコミックス)  https://t.co/4juBhTkYPy #amazon,1.3112142882128323e+18
40,2020-09-30 08:00:21,rennydee,"🎁 Da domani i #buoni #Amazon da assegnare ogni giorno avranno un valore complessivo di 25€!

Saranno premiati i primi 5 utenti più attivi della #TradingZone con 5€ ciascuno.

Info &amp; adesioni qui: https://t.co/WYka4UYf3b https://t.co/hvGJxZxm9O",1.3112142875626988e+18
41,2020-09-30 08:00:19,desi_dime,"Buy #Usha induction cooktops are super handy kitchen appliances used for cooking food in an easy and hassle-free manner. https://t.co/lp1KPhZP7q

#offers #deals #shopping #discounts #kitchenware #Kitchens #Amazon #onlineshopping https://t.co/zOXbrVjdRC",1.3112142772530422e+18
42,2020-09-30 08:01:28,ConnieFurnari,"GENTLEMAN https://t.co/4bMv0Nxz0i
#Amazon #KindleUnlimited #KindleBooks #AmazonKindle #KindleStore #Kindle #Leggere #Racconti #Romance #BestSellers #Erotica #Libri #Romanzi #Book #Books #eBook #eBooks #love #buongiorno #ASMSG #IARTG #IAN1 #BookBoost #KU #99c #99cents #30Settembre https://t.co/2oBtGkXHcm",1.3112145650746532e+18
43,2020-09-30 08:02:25,ACHILLESmusicOZ,"So I figured out why Twitch take so much revenue from our subscriptions...

Amazon is shipping things in boxes about 40 times bigger than what they need to be 😅

But thanks @bluemicrophones for the great mic boom!

#twitch #amazon #amazonprime #onlineshopping #packaging #MEMES https://t.co/PIqE2ICo8Z",1.31121480429235e+18
44,2020-09-30 08:01:13,OCagandahan,"Wip
#oilpasteloncanvas
#macaw
#blueandgoldmacaw
#scarletmacaw
#hybridmacaw
#lory 
#amazon https://t.co/8URyyACovQ",1.311214504361984e+18
45,2020-09-30 08:00:37,yuki_nagase,"【コンタクトレンズ】ベスト10
メダリスト2 【BC】8.6【PWR】-2.75 6枚入
https://t.co/g6wL7lWfjf #Amazon",1.311214353803141e+18
46,2020-09-30 08:00:20,shinchaku,【発売日：2020/09/18】ゴールデンカムイ 23 (ヤングジャンプコミックスDIGITAL)  https://t.co/IpMnxIRBPp #amazon,1.3112142824288666e+18
47,2020-09-30 08:02:02,SexyViking21,"Check out amazing pirate fantasy series from this amazing Author.
Available on Amazon, Barnes &amp; Noble, Good Reads.
Author Link: https://t.co/hg6zUxm0J8
@irishvixen21

#WritingCommunity #writerslift #PirateVixenSeries #Pirates #Ebook #Amazon #BarnesandNoble #Goodreads #iTunes https://t.co/DSBlsdvSdM",1.3112147088216187e+18
48,2020-09-30 08:00:59,darkcomlee1,"""Amazonレビュー募集中！！
商品代金は全額補償
ご興味ある方はぜひともご参加いただきたいです！
#amazon #アマゾン #レビュー #レビュアー #無料 #サンプル #試供品 #お試し #モニター  #新商品 #アマゾンレビュー #Amazonレビュー #レビュー募集"" https://t.co/LOWs53BJYr",1.3112144446433649e+18
49,2020-09-30 08:00:48,yuki_nagase,"【コンタクトレンズ】ベスト10
メダリスト ワンデープラス 【BC】8.6【PWR】-6.50 90枚入
https://t.co/7dSFDSsoju #Amazon",1.3112143976294564e+18
,date,screen_name,tweet,tweet_id
0,2020-09-30 07:57:17,jamesbryronlove,Great reads for a long weekend... Holly Bargo Books at Amazon featuring titles like 4 Star Russian Lullaby ( Book 1 in the Russian Love Series ) #FollowFriday #ASMSG #Amazon #KU #HollyBargo #HenHousePublishing https://t.co/FWcUMAHIjn https://t.co/736ltxJ6hu,1.3112135139946332e+18
1,2020-09-30 08:00:03,BluediamondsGS,"https://t.co/vTyqd6dl0D Bluediamonds Gift Shop https://t.co/vTyqd6dl0D #amazon #gifts #handmade #jewellery #giftshop #accessories #fashion #giftideas #giftshop #jewelry #beauty #pretty #giftsforher #facecoverings #facemasks #earrings #giftsforhim 
https://t.co/dHClqcZPTp https://t.co/BCApXGr02U",1.311214209267454e+18
2,2020-09-30 07:58:08,ChollosTremend1,"‍CHOLLAZO #Amazon | #Ropa
Jack Jones Jcorocky Jacket Noos Chaqueta, Negro (Black Pattern: PU)

PVP: 59,99€
PRECIO OFERTA: 34,49€

Talla XL

Link de compra
https://t.co/HJ5BnjicWW

Conoce el resto de nuestros canales en https://t.co/wivlEuTjuJ https://t.co/f288r1UDk2",1.311213729472811e+18
3,2020-09-30 07:58:39,nayaksch,"@homefirstindia 1) Pradhan Manthri Awas Yojana 

2) Equated Monthly Installment 

#contest #ContestAlert #win #play #answers #AmazonVoucher #Amazon #WINNER #Share #HomeFirst   @homefirstindia",1.311213859177263e+18
4,2020-09-30 07:57:56,ChollosTremend1,"‍SUPER PRECIO #Amazon | #Joyería
Swarovski Pulsera Infinity Heart, Blanco, baño de rodio

PRECIO OFERTA: 59,00€

Link de compra
https://t.co/faRGjZKzQ6

Conoce el resto de nuestros canales en https://t.co/wivlEuTjuJ https://t.co/4MaqGJnPho",1.3112136768301015e+18
5,2020-09-30 08:00:01,yuki_nagase,"【コンタクトレンズ】ベスト10
ワンデーピュアうるおいプラス 【BC】8.8【PWR】-4.50 96枚入
https://t.co/ARGlVhDcsk #Amazon",1.31121419985963e+18
6,2020-09-30 07:56:11,rakten_kaden_,"09/30 16:56

パロマ PA-S42H-L-13A スタンダード 
【楽天】18480円
【Amazon】20694円

★楽天で購入すると★
 2214円 お得（お得率12％）

↓お得な情報を一覧で確認出来るサイト
https://t.co/kMQYxgL6Rh

#楽天市場 #Amazon #お得 #せどり https://t.co/Mb7aNDoQMF",1.3112132351864627e+18
7,2020-09-30 07:57:54,chollismo,"‍SUPER OFERTA #Amazon | #Electrónica
Huawei Nova 5T, Smartphone (6GB de RAM, 128GB de Memoria Interna, 5 Cámaras IA, FullView Display, Sensor de Huella Lateral, 3750 mAh) Dual-SIM, Infrared USB, Android, 6.26"", Azul

PVP: 431,97€
PRECIO OFERTA: 229,00 €

Link de compra
… https://t.co/r8KFguYnVp",1.3112136678752707e+18
8,2020-09-30 07:58:04,ChollosTremend1,"‍SUPER PRECIO #Amazon | #Zapatos
KROSER Bolso Tote para Portátil 15.6"" Bandolera con Estilo para Portátil Maletín Hidrófugo Bolsa Grande de Viaje con Bolsillos RFID para Trabajo/Negocio/Escuela/Universidad/Mujeres - Camuflaje Negro

PRECIO OFERTA: 28,89 €

Talla Fits up to 1… https://t.co/QZEt7X6TNb",1.3112137106236006e+18
9,2020-09-30 08:00:01,AlphaRepricer,"Alpha Repricer is now repricing Amazon UAE.
https://t.co/7Ujpgrf70K

#Amazon #AmazonRepricer #AlphaRepricer #OnlineSellers #bestRepricer #Amazonfba #Amazonsellertool #entrepreneur #fbasellers #uae #dubai #AbuDhabi #Sharjah #Ajman #AlAin #AmazonAE #Jumeirah https://t.co/0l3yEYkKt0",1.3112142016675471e+18
10,2020-09-30 07:58:13,ChollosTremend1,"‍BAJADA DE PRECIO #Amazon | #Zapatos
Biomecanics 191192, Zapatillas para Niñas

PRECIO OFERTA: 39,95€

Talla 24 EU

Link de compra
https://t.co/auhSviYASe

Conoce el resto de nuestros canales en https://t.co/wivlEuTjuJ https://t.co/aRHID1ldpf",1.3112137486910464e+18
11,2020-09-30 07:57:51,chollismo,"‍SUPER OFERTA #Amazon | #Iluminación
Guirnalda Luces Exterior Solar Cadena de Luces, 60 LED 10M IP65 Impermeable 8 Modos Guirnalda Luminosas, Luces Solares LED Exterior Jardin, Casas, Boda, Fiesta, Festival [Clase Energética A ++]

PVP: 18,99€
PRECIO OFERTA: 15,19€

Link de … https://t.co/uok6cAavzx",1.3112136582912942e+18
12,2020-09-30 07:57:21,chollosyoferta,"#Chollo #Amazon Naipo Masajeador de Cuello y Hombros Clásico Shiatsu Masaje

Codigo descuento: ✂ IBSOVAWX
Precio final: EUR 32,99

Precio oferta: 45,99

    👇👇👇👇👇👇👇
👉 https://t.co/3XKBDgwaA4 https://t.co/HzTVQL8L8Y",1.3112135316525998e+18
13,2020-09-30 08:00:03,YabRock,磯村健太郎 の 「原発に挑んだ裁判官」 (朝日文庫) を #AmazonJP でチェック！ https://t.co/ArvZKsa3de #アマゾン #Amazon #原発 #再稼働反対 #新増設反対 #とめよう再稼働 #原発とめろ #脱原発 #反原発 #福島 #原発事故,1.3112142105760522e+18
14,2020-09-30 07:57:01,CoolDealCA,"Get those Amazon purchases 🎁shipped faster for free 
One month #free #Amazon Prime trial
6 month 👀 free for students
click for details
https://t.co/vkCEWOmxOz https://t.co/3eYf1Nfni2",1.3112134482446705e+18
15,2020-09-30 07:58:13,KFJohnsonbooks,"💥HAPPY NEW DROP DAY 9/30💥
🔥What I’d Do For Love 2🔥
https://t.co/uJPsEISLxI
🔥What I’d Do For Love🔥
FREE KINDLE 9/30-10/1/20
(2017 READERS CHOICE Best Thriller nominee)
https://t.co/Oa6QpSCQJU
AUTOGRAPHED PAPERBACKS 
https://t.co/lcdHLioE1j #AMAZON #ROMANTICSUSPENSE",1.3112137494250578e+18
16,2020-09-30 07:57:17,1CMartinez,"Serious injuries at Amazon fulfillment centers topped 14,000, despite the company’s safety claims https://t.co/qQRVSoQrqN #amazon #retail #business #marketing",1.311213514602799e+18
17,2020-09-30 07:58:01,ChollosTremend1,"‍BAJADA DE PRECIO #Amazon | #Bricolaje
Detector de monóxido de carbono SCONDA EN 50291 certificado, detector de alarma de CO con pantalla LCD digital, alimentado por batería

PRECIO OFERTA: 22,49€

Link de compra
https://t.co/8Tap00Nbzq

Conoce el resto de nuestros canales … https://t.co/thmXHgjZ0k",1.3112136989005292e+18
18,2020-09-30 07:57:57,chollismo,"‍CHOLLAZO #Amazon | #Informática
Gentai 256GB/512GB/1024GB Tarjeta Micro SD Tabletas Tarjeta de memoria SDXC Clase 10 de alta velocidad con adaptador Micro SD (512GB)

PVP: 27,99€
PRECIO OFERTA: 9,99€

Link de compra
https://t.co/1PabBibwpd

Conoce el resto de nuestros cana… https://t.co/EX95jccAJs",1.3112136797535232e+18
19,2020-09-30 07:58:41,XperienceDope,"Blasting THE DUTCHESS - Haterz  right now on Pretty Dope Xperience Radio aka #BlackPandora

listen now and catch a wave!! https://t.co/VqKFopeoex  #nowplaying #np #RT  #NowStreaming #Streema Download Now #Alexa #GooglePlay #iOSAppStore #Amazon #",1.311213866097967e+18
20,2020-09-30 08:00:02,CloudAffaire,"New EBS Volume Type (io2) – 100x Higher Durability and 10x More IOPS/GiB

#AWS #Amazon Web Services #AWS Cloud #Cloud #DevOps #CloudAffaire

https://t.co/mqszDeywRK",1.3112142063440323e+18
21,2020-09-30 07:57:51,ChollosTremend1,"‍SUPER PRECIO #Amazon | #Ropa
Jack Jones Jacwaistband Trunks 3 Pack Noos Bóxer, Gris (Asphalt Detail:hawaian Ocean Fiery Red)

and

PVP: 24,99€
PRECIO OFERTA: 15,49€

Talla L

Link de compra
https://t.co/1B8W25OoRU

Conoce el resto de nuestros canales en https://t.co/wivlEuTjuJ https://t.co/uXOGQutD4e",1.3112136557955645e+18
22,2020-09-30 07:56:07,ETalentfirst,"Do you see a clear path where others see roadblocks?

@Amazon is looking to hire a Program Manager (Fill Rate Programs). To apply, visit: https://t.co/q8QIguBYw4

#inclusivejob #jobs #disabilityemployment #hiring #Amazon",1.311213219181146e+18
23,2020-09-30 07:57:59,chollismo,"‍SUPER OFERTA #Amazon | #Ropa
Swing Francesca Vestido, Azul (Navy)

PRECIO OFERTA: 28,34 €

Talla 36

Link de compra
https://t.co/rmIFRwJppW

Conoce el resto de nuestros canales en https://t.co/S2xW2XR8IZ https://t.co/y67RVUWZ57",1.311213690365055e+18
24,2020-09-30 07:57:16,1CMartinez,"Amazon introduces the Amazon One, a way to pay with your palm when entering stores https://t.co/gIROFkCcga #amazon #retail #business #marketing",1.3112135115451556e+18
25,2020-09-30 07:59:32,NicholasPurifi1,"For any kind of Background remove/change: https://t.co/JxlF8BnUkF  
#photoediting #editing #photoshop #retouching #edit #amazon #product #edits #remove #background https://t.co/sLitwj0a5L",1.3112140786442977e+18
26,2020-09-30 07:58:02,chollismo,"‍SUPER OFERTA #Amazon | #Informática
Inateck Carcasa Disco Duro USB 3.0 a SATA para SATA HDD/SSD 9.5mm/ 7mm 2.5"" Pulgada, Soporta UASP, Optimizado para SSD, Herramienta Libre, Negro

PRECIO OFERTA: 8,49 €

Link de compra
https://t.co/2cW8x0EpHm

Conoce el resto de nuestros … https://t.co/ffJcfHfKh8",1.3112137021888594e+18
27,2020-09-30 07:58:11,ChollosTremend1,"‍SUPER OFERTA #Amazon | #Informática
Samsung 860 EVO MZ-76E250B/EU - Disco duro sólido interno de 250 GB , color negro

PVP: 78,99€
PRECIO OFERTA: 48,73€

Link de compra
https://t.co/UvGVEOnLIT

Conoce el resto de nuestros canales en https://t.co/wivlEuTjuJ https://t.co/sBvE0VTExM",1.3112137389141238e+18
28,2020-09-30 07:58:47,SupplyChainNet2,"Amazon announces new payment system, The Amazon One Palm Scanner, for real-world shops, using a wave of the hand...

https://t.co/T9AbQkwsFK

#onepalmscanner #Amazon #paymentsystem #techgiants #securepayment #biometrictests #COVID19france",1.311213890223706e+18
29,2020-09-30 07:56:19,lootupdates4u,"Zebronics Zeb-Juke Bar 4 45 W Bluetooth Soundbar  (Black, 2.1 Channel) 3499

https://t.co/NauN4XaCTo

PC : Amazon4499 https://t.co/nuN9CH1C5A https://t.co/l6k8ZBj980 and stock are subject to change #amazon #dealoftheday #flipkart #loot #coronavirus",1.3112132684642632e+18
30,2020-09-30 07:59:25,creativemm12,"#長内 孝平 の できるYouTuber式 Excel 現場の教科書 できるYouTuber式シリーズ
https://t.co/WcY6pzjCZm
#followtrick
#buyandship
#amazon
#Titans
#Life #BBC #drama
#派對房間",1.311214050034905e+18
31,2020-09-30 07:59:52,TVyuuutsu,"埼玉誕生150周年☆
私が選ぶ150周年を彩る  #キャッチコピー はこれだ！
@saitama150th ではプレゼントCPを実施中！～10/12
抽選で20名に  #Amazon  #ギフト券 500円分を  #プレゼント ♪
 https://t.co/qT53UCqoZl",1.3112141634404884e+18
32,2020-09-30 07:56:55,Mary_blackmoon,#MaryOrvay #Amazon La maldición de los Sinclair de Mary Orvay https://t.co/pSPtZZQGdc vía @amazon,1.3112134231921582e+18
33,2020-09-30 07:57:18,1CMartinez,"Amazon launches a virtual tours and experience platform, Amazon Explore https://t.co/rZCRWrZUKM #amazon #retail #business #marketing",1.3112135166537646e+18
34,2020-09-30 07:57:54,ChollosTremend1,"‍CHOLLAZO #Amazon | #Hogar
Hopekings Máquina de Palomitas,1200W Aire Caliente sin Aceite con Taza Medidora y Funda Desmontable,Libre de Bpa, Negro

PVP: 33,49€
Precio con cupón: 23,44€

CUPÓN: K6H36NID

Link de compra
https://t.co/gTgSPEHe5o

Conoce el resto de nuestros can… https://t.co/7rhCUYaOyC",1.3112136673803428e+18
35,2020-09-30 08:00:05,SelimSahin5,#AmazonOne lets you pay at stores with the palm of your hand #Amazon #AmazonGostores #AmazonGo https://t.co/X4Rr4QRqYD,1.3112142168759992e+18
36,2020-09-30 07:57:11,Demi19951,"""Amazonレビュー募集中！！
商品代金は全額補償
ご興味ある方はぜひともご参加いただきたいです！
#amazon #アマゾン #レビュー #レビュアー #無料 #サンプル #試供品 #お試し #モニター  #新商品 #アマゾンレビュー #Amazonレビュー #レビュー募集"" https://t.co/ERevRC24Oo",1.3112134883085353e+18
37,2020-09-30 07:58:07,chollismo,"‍CHOLLAZO #Amazon | #Hogar
IKOHS NETBOT S12 - Robot Aspirador 4 en 1 - Barre, aspira, Pasa la mopa y friega el Suelo, Navegación Inteligente, Automático Carga, para Suelos Duros y alfombras, programable (Negro antracita)

PVP: 148,95€
PRECIO OFERTA: 140,95 €

Link de compra
… https://t.co/2KwE5T5cDL",1.3112137226864271e+18
38,2020-09-30 07:58:41,DevanshDigital,"24 Mantra Organic Rice Flour, 500g by 24 Mantra Organic 

https://t.co/NNE7ruIRPA via @amazonIN 

M.R.P.:₹ 40.00
Price:₹ 36.00 (₹ 72.00 / kg) Pantry badge
You Save:₹ 4.00 (10%)
#Amazon #AmazonPantry #24MantraOrganic #RiceFlour #Flour #Rice",1.311213865884033e+18
39,2020-09-30 07:57:39,tmsl_info,"【限定ブランド】リュックほかがお買い得 ...
https://t.co/zhd3XcAe5n
#Amazon #タイムセール",1.3112136069528658e+18
40,2020-09-30 07:58:05,chollismo,"‍SUPER OFERTA #Amazon | #Informática
CHUWI AeroBook Pro Laptop Ordenador portatil Ultrabook 13.3 Pulgadas Win 10 Intel Core M3-8100Y LPDDR3 8GB RAM 256GB SSD 1920*1080 IPS M.2 HD-Video Port 2.4G/5G WiFi

PRECIO OFERTA: 364,65 €

Link de compra
https://t.co/S5LHBd15Or

Conoc… https://t.co/XvrODjyjmp",1.311213713656025e+18
41,2020-09-30 07:58:06,ChollosTremend1,"‍SUPER PRECIO #Amazon | #Informática
Amplificador WiFi Repetidor Extensor de Red Punto de Acceso 2.4GHz IEEE802.11 B/G/N Wireless Extender con WPS Button Velocidad de hasta 300Mbps, Puerto LAN, Compatibilidad Universal

PRECIO OFERTA: 14,39 €

Link de compra
… https://t.co/2FHEFRLja7",1.3112137202872238e+18
42,2020-09-30 07:57:10,Mary_blackmoon,#MaryOrvay #Amazon. La maldición de los Sinclair de Mary Orvay https://t.co/pSPu008h4K vía @amazon,1.3112134822855148e+18
43,2020-09-30 07:57:59,chollosyoferta,"#Chollo #Amazon OUSFOT Tira LED, 5050 RGB Luces LED Habitación IP65 5m Cont

Codigo descuento: ✂ 22KJLTOW
Precio final: EUR 9,10

Precio original: 15,99
Precio oferta: 12,99

    👇👇👇👇👇👇👇
👉 https://t.co/phFu3tUzIB https://t.co/hQNS6IvQfE",1.3112136905664348e+18
44,2020-09-30 07:57:04,Mary_blackmoon,"#MaryOrvay #Amazon, La maldición de los Sinclair de Mary Orvay https://t.co/pSPtZZQGdc vía @amazon",1.311213459456041e+18
45,2020-09-30 07:57:58,ChollosTremend1,"‍BAJADA DE PRECIO #Amazon | #Bricolaje
D-Line Mini 3015KIT002 | Canaletas Adhesivas de PVC para Cables | Multipack de 4 Piezas (30x15mm) de 1 Metro de Longitud en Color Negro | Solución para organizar, Proteger y Cubrir Cables

PRECIO OFERTA: 19,43€

Link de compra
… https://t.co/DqlwWMT59T",1.3112136863931105e+18
46,2020-09-30 07:57:38,roomminato,"ちょっと前まで品切れだったLogicoolGのGPROXがAmazonで出始めてます⌨️私が今1番欲しいもの！誰か買って〜😂笑
また品切れになる可能性もある大人気キーボード！お見逃しなく⚠️

#ゲーミングキーボード #Amazon #アマゾン

https://t.co/PEfbCP6m2H",1.311213601395413e+18
47,2020-09-30 07:57:16,1CMartinez,"Huboo, the ‘full stack’ fulfilment provider, picks up £14M Series A https://t.co/THLOFiYspn #amazon #retail #business #marketing",1.3112135093975777e+18
48,2020-09-30 08:00:06,yuki_nagase,"【コンタクトレンズ】ベスト10
アキュビュー オアシス 【BC】8.8【PWR】-3.75 6枚入
https://t.co/2e9reCYKsj #Amazon",1.3112142218545644e+18
49,2020-09-30 07:57:18,1CMartinez,Daily Crunch: Amazon lets you pay with your palm https://t.co/5xttHZtzzv #amazon #retail #business #marketing,1.3112135187132293e+18
,date,screen_name,tweet,tweet_id
0,2020-09-30 07:50:04,komorin777411,aurora arc (通常盤) https://t.co/THJEVezC4f #Amazon こちらでもまだ在庫ありとの事。ちょくちょくチェックしておいた方が良さそうです。,1.3112116971351818e+18
1,2020-09-30 07:50:16,LucillaMasini,"Tecnologia biometrica. Amazon introduce il pagamento col palmo della mano. Una valida soluzione per non farsi fregare da quelli che prima pagavano col ca*zo.

#Amazon #30settembre",1.3112117458940723e+18
2,2020-09-30 07:48:40,XperienceDope,"Blasting Gunna, Young Thug - Dollaz On My Head  right now on Pretty Dope Xperience Radio aka #BlackPandora

listen now and catch a wave!! https://t.co/VqKFopeoex  #nowplaying #np #RT  #NowStreaming #Streema Download Now #Alexa #GooglePlay #iOSAppStore #Amazon #",1.3112113449564488e+18
3,2020-09-30 07:53:27,DevanshDigital,"Amazon Brand - Vedaka Dalia (Broken Wheat), 500g (Pack of 1) by #Vedaka 

https://t.co/YCR8WjtcE1 via @amazonIN 

M.R.P.:₹ 40.00
Price:₹ 29.00 (₹ 58.00 / kg) Pantry badge
You Save:₹ 11.00 (28%)
#Amazon #AmazonPantry #Dalia #Wheat #BrokenWheat #500g",1.3112125508899553e+18
4,2020-09-30 07:50:05,LuxuryFly1,"@francescatotolo Però #Amazon ha avviato un piano di investimenti nel settore @PrimeVideo pari a quasi il doppio rispetto al totale messo in campo dalle tre major, che nemmeno sarebbero in grado di contrastare. Ma da gennaio le novità renderanno allettanti tutte le offerte #OnDemand e #HomeVideo",1.311211701610705e+18
5,2020-09-30 07:56:07,OfficialGadget2,"Amazon introduces new way to make people pay with their palm

https://t.co/sP1cUNT2mT

#Amazon #technology https://t.co/oWdyiyIXSI",1.3112132188622316e+18
6,2020-09-30 07:49:09,dhalsun,"UBS Global Real Estate Bubble Index 2020

#youtube #hedgefunds #dalio #citadel #apple #amazon #musk #tesla #spacexlaunch #bezos #billionaires #trillionare #FAANG #amazon #google #alphabet #apple #facebook #tesla #mastercard #visa #india #potus #equity…https://t.co/AAZMoVoRsV",1.311211468591956e+18
7,2020-09-30 07:51:54,XperienceDope,"Blasting 210 WhiteHouse Entertainment - REPLACE Ft. D.HOU$E right now on Pretty Dope Xperience Radio aka #BlackPandora

listen now and catch a wave!! https://t.co/VqKFopeoex  #nowplaying #np #RT  #NowStreaming #Streema Download Now #Alexa #GooglePlay #iOSAppStore #Amazon #",1.3112121581228524e+18
8,2020-09-30 07:49:20,MichaelEJWood,"Wow #Amazon 

https://t.co/dka3yPSLzv",1.3112115130557112e+18
9,2020-09-30 07:49:55,RollBritannia,"Great Scott!   Episode 22 is available right now on Apple Podcasts or your favourite podcatcher 👉https://t.co/p2jFYR7iq3

Remember to rate and subscribe ⭐⭐⭐⭐⭐

#dnd #dnd5e #rpg #ttrpg #podcast #podcasts #apple #amazon #review #dungeonsanddragons #game #spotify #wednesday https://t.co/kKa8NfxAmq",1.3112116610308383e+18
10,2020-09-30 07:52:25,OfficialGadget2,"Amazon launches new fulfilment centre in Tamil Nadu

https://t.co/YVqLes565U

#Amazon #TamilNadu #technology https://t.co/dpk9WsuvvI",1.31121229093965e+18
11,2020-09-30 07:51:04,chollosyoferta,"#Chollo #Amazon 69% DESCUENTO ASUS Strix Soar   Tarjeta de Sonido

Precio original: 112,8
Precio oferta: 110,61
Reacondicionado: 34,42

    👇👇👇👇👇👇👇
👉 https://t.co/i8x08jXhd1 https://t.co/O1YvtbFtFb",1.311211950811091e+18
12,2020-09-30 07:54:40,yutai_yarou,"CARTAの優待は、ふるさと本舗の利用8%分アマギフもついています☺

要するにふるさと納税の8%分がAmazonギフトで還元されるようです☺

ただしこれなら「楽天spu+マラソン」の方が還元率が高そう🤔

Amazon派の方には良い優待と言えそうです☺

#Amazon
#CARTA
#株主優待 https://t.co/dF4GkUFUsG",1.3112128560297902e+18
13,2020-09-30 07:51:52,chollosyoferta,"#Chollo #Amazon Philips 43PUS6162   TV

Reacondicionado: 242,19

    👇👇👇👇👇👇👇
👉 https://t.co/bawmW6REoh https://t.co/rNIOOzp7nV",1.3112121495246397e+18
14,2020-09-30 07:55:14,hispachollos,"🌀 Timbre Inalámbrico sin Pilas, OMERIL Timbres Inalámbricos Exterior Impermeable, 150M de Alcance, 5 Niveles de Volumen (0dB - 110dB), 52 Melodías, Indicadores LED – Autoalimentado. #Amazon 🇪🇸

🕘 PRECIO FLASH: 12,79€

💶 Precio oferta ...
https://t.co/3W4CenfQxt
#chollo",1.311212999089238e+18
15,2020-09-30 07:51:16,DevanshDigital,"Amazon Brand - Vedaka Gram Flour (100% Chana Besan), 1 kg by #Vedaka 

https://t.co/7aw25iVDk7 via @amazonIN 

M.R.P.:₹ 130.00
Deal of the Day:₹ 82.00 Pantry badge
Ends in 11h 05m 45s
You Save:₹ 48.00 (37%)
#Amazon #AmazonBrand #GramFlour #ChannaBesan #Besan #Grains",1.311212001297797e+18
16,2020-09-30 07:48:43,BlogLB,"https://t.co/LoA3QRv1QQ
#books #libri #leggere #lettura #lettori #amazon #reading #love #passion #romance #saraharenaccio #morestories @SarahArenaccio #comenevedestate #summer #sky #triangolo #sorelle #sister #romantic https://t.co/ZqVutZGDCr",1.311211359355523e+18
17,2020-09-30 07:52:39,chollosyoferta,"#Chollo #Amazon BENQ GL2460HM Monitor multimedia negro brillante LED de pantalla ancha TN LED de 24 "" (1920x1080 / 2ms / VGA / DVI D / HDMI)

Reacondicionado: 82,53

    👇👇👇👇👇👇👇
👉 https://t.co/54wNaX8Tik https://t.co/m5gcB1vY2w",1.311212348380795e+18
18,2020-09-30 07:55:22,darkcomlee1,"""Amazonレビュー募集中！！
商品代金は全額補償
ご興味ある方はぜひともご参加いただきたいです！
#amazon #アマゾン #レビュー #レビュアー #無料 #サンプル #試供品 #お試し #モニター  #新商品 #アマゾンレビュー #Amazonレビュー #レビュー募集"" https://t.co/4XYYehX4jk",1.3112130295775642e+18
19,2020-09-30 07:47:45,Yanira_G_Autora,#próximamente #singles #yaniragarcía #Amazon #KindleUnlimited #Octubre #comediarománticaerótica https://t.co/KgP9J4RP2R,1.3112111149995663e+18
20,2020-09-30 07:55:00,shadowconn,Writing Makes Me Happy You Not So Much T-Sh... by Best Author Theme Tees for $19.99 https://t.co/wh8w2A4L6D via #amazon,1.311212937600815e+18
21,2020-09-30 07:55:34,DevanshDigital,"Check out Fortune Besan, 1kg by #FORTUNE 

https://t.co/sR6ficpA2U via @amazonIN 

M.R.P.:₹ 110.00
Price:₹ 98.00 Pantry badge
You Save:₹ 12.00 (11%)
#Amazon #AmazonPantry #Besan #ChannaBesan #ChannaDal #Flour",1.3112130816539853e+18
22,2020-09-30 07:51:11,_Javitus_,#AR30S Le llegaba una compra de #amazon a Margarita.. https://t.co/lQ5lAoQO8g,1.3112119787115397e+18
23,2020-09-30 07:50:33,byLilyV,"Get #IT #CERTIFIED 
One lesson, four #AWS certificates!
Enrol https://t.co/MTTCw6V3Vu
#cloudcomputing #amazon #cloud #certification https://t.co/2OAgxNn4fq",1.311211817453187e+18
24,2020-09-30 07:49:00,DevanshDigital,"Aashirvaad Atta with Multigrains, 5kg by #Aashirvaad 

https://t.co/ayupMg4DLn via @amazonIN 

M.R.P.:₹ 295.00
Price:₹ 229.00 (₹ 45.80 / kg) Pantry badge
You Save:₹ 66.00 (22%)
#Amazon #AmazonPantry #AashirvaadAtta #Multigrains #5kg #Atta",1.311211429811204e+18
25,2020-09-30 07:50:38,GapDeals,"#Amazon #Music -  4 Months For $0.99 https://t.co/M58Q5Uuimm

Limited Time Only!🔥🤯

👍 Like, Retweet, and Follow for More #Deals 🏃‍♂️ https://t.co/AGpd4hRIqY",1.3112118399974031e+18
26,2020-09-30 07:50:35,auraconte,"Sei alla ricerca di una lettura divertente, breve e leggera? 
Tutti i miei libri sono disponibili su Amazon &amp; #KindleUnlimited, a questo link: https://t.co/WNFVSBEc3e #amazon #libri #italia https://t.co/F6NFUKuULF",1.3112118291804037e+18
27,2020-09-30 07:49:13,SirApfelot,"Exklusiv für Prime-Mitglieder wird bei Amazon am 13. und 14. Oktober 2020 der „Amazon Prime Day“ veranstaltet. Schon jetzt gibt es auf der entsprechenden Aktionsseite einige Angebote, die auf den Rabatt-Marathon einstimmen sollen.  #Amazon #AmazonPrimeDay2 https://t.co/u3huOk0YWa https://t.co/8oucpM3oQO",1.3112114826259988e+18
28,2020-09-03 18:26:48,LenovoLegion,"Lenovo Legion x @PlayApex
Now is your chance to rise above the rest. 
Unmatched performance, purposeful engineering, modern design.
Gear up with a machine as savage as you are.
Stylish outside.
Savage inside.",1.301587465258578e+18
29,2020-09-30 07:54:31,chollosyoferta,"#Chollo #Amazon 54% DESCUENTO FEANDREA Bolsa de Transporte para Mascotas Transportín Plegable para Perro Portador Tela Oxford Beige L 70 x 52 x 52 cm PDC70W

Precio oferta: 36,99
Reacondicionado: 16,79

    👇👇👇👇👇👇👇
👉 https://t.co/Z8TatjVgmc https://t.co/NyITLLZIHB",1.311212819287769e+18
30,2020-09-30 07:48:16,spring41,"3rdシングル「#カムイ - #アイヌ の祈り-」が #アマゾンプライム 会員特典入り。会員の方は無料で聴けます。 アイヌの民には私有という概念がない。すべてはカムイ（神）のものだから
#Amazon #AmazonMusic  #AmazonPrime #北海道 #ゴールデンカムイ #道産子 #松浦武四郎
https://t.co/Ufpgy189D7",1.3112112433408737e+18
31,2020-09-30 07:54:35,UNI_Europa,"📣 “Open an investigation 🧐 into Amazon’s potentially illegal activities against #Amazon workers in Europe”

We've just sent a 📜 to @ThierryBreton &amp; @NicolasSchmitEU on behalf of unions representing 12 million workers in Europe calling for action.

➡️https://t.co/bZoltciP55⬅️ https://t.co/yttZga9xQb",1.311212833007448e+18
32,2020-09-30 07:51:28,rin103s,"@misakism13 昨日は、三崎さんに当ててもらう
夢で幸せでした😌😌😌
正夢になれ～💗💗💗

見つけてくださーい⸜(* ॑꒳ ॑* )⸝

#三崎優太 
#青汁王子
#青汁王子しか勝たん
#Amazon

https://t.co/e2e4nppWRs…",1.3112120512267182e+18
33,2020-09-30 07:49:34,_inusan,"Logicool G ゲーミングキーボード 有線 G213 パームレスト 日本語配列 メンブレン キーボード 静音  LIGHTSY... https://t.co/hJrEGlBtTT #Amazon

これ欲しい",1.3112115700142203e+18
34,2020-09-30 07:50:31,rin103s,"昨日は、三崎さんに当ててもらう
夢で幸せでした😌😌😌
正夢になれ～💗💗💗

#三崎優太 
#青汁王子
#青汁王子しか勝たん
#Amazon

https://t.co/GT7Or3232A https://t.co/4y5dCknEQb",1.3112118120465162e+18
35,2020-09-30 07:47:53,creativemm12,"👉https://t.co/4GXb92qxbo  #amazon👈
💯👉Auto Follower👈💯
💯👉#自動相互フォロー👈💯

#followergenerator
#Bad #Bunny #Crocs
#Eric #Trump
#National #Coffee #Day
#autofollower
#固定ツイートRT
#500ADay
#TFW
#相互RT
#FollowBack
#bts
#seventeen",1.3112111500134195e+18
36,2020-09-30 07:49:37,victoriadutu,"Va invit sa cititi #romanul #LuminileDragostei"" scris de mine, #VictoriaDutu.Pot sa va trimit #cartea prin posta romana si platiti la primirea coletului. Toate #cartile si #picturile disponibile sunt pe websitul meu personal. Cartile se pot comanda si de pe #Amazon. Va multumesc. https://t.co/cRZEQUHAk3",1.3112115852355502e+18
37,2020-09-30 07:55:27,VodkaWardrobe,"FREE Birthday special 🎂
'Today’s birthday outfit consisted of blue skinny jeans, sparkly gold heels, and a freshly printed T-shirt that read: 'You’re only as old as your calculator’ 

#humour #birthday #comedy #Amazon #free

https://t.co/7sVBSKMtRp",1.3112130524953764e+18
38,2020-09-30 07:55:11,XperienceDope,"Blasting https://t.co/KwvjUkr04D - Streaming Live right now on Pretty Dope Xperience Radio aka #BlackPandora

listen now and catch a wave!! https://t.co/VqKFopeoex  #nowplaying #np #RT  #NowStreaming #Streema Download Now #Alexa #GooglePlay #iOSAppStore #Amazon #",1.3112129864349778e+18
39,2020-09-30 07:47:44,rahulag1991,I played this interesting Quiz on Amazon-Play games at Amazon FunZone  https://t.co/aSvWVFOWAt #Amazon #AmazonQuiz #AmazonFunzoneSlots @amazonIN https://t.co/Z5dsGMaAd0,1.3112111110526484e+18
40,2020-09-30 07:52:58,DensetsuPodcast,"📣 New Podcast! ""27- Tutti sul carro dei vincitori e cominciamo la vera guerra di servizi con Stadia e Luna."" on @Spreaker #amazon #azure #bethesda #cloud #cloudgaming #gamepass #google #luna #microsoft #stadia #videogames #xcloud https://t.co/xdCNOhtjEY",1.311212426390573e+18
41,2020-09-30 07:50:03,chicachick_2,"EL CRIMEN DE BILTMORE WAY de @AragonUva 
📱https://t.co/AWDEaumSw7
📖https://t.co/47uTFdeFsa
Tras numerosos giros en este fascinante thriller lleno de suspense, las respuestas sorprenderán a los lectores.
#Amazon 
#KindleUnlimited 
#readingcommunity 
#BookTwitter 
#Cuba https://t.co/4woZ0Tx8KT",1.311211692995629e+18
42,2020-09-30 07:50:23,cspenceproducer,We haven’t won many awards for our films - we’ve only entered a few - but those we have won mean the world to us🎬🏆💕 Maybe in the future we’ll be lucky &amp; receive some more for our work. So check out our grass-roots indie movies @DoSomethingJake &amp; @CyberlanteMovie on #Amazon! https://t.co/SRQPkOo3KV,1.3112117787732623e+18
43,2020-09-30 07:51:15,fantastikdiyar,"Amazon'un yeni sistemine göz atın...
https://t.co/7FdqZqxRYK

#amazon #amazonone #amazongo",1.3112119933203046e+18
44,2020-09-30 07:51:10,rakten_kaden_,"09/30 16:51

掃除機 コードレス 紙パック 紙パック式 スティッ
【楽天】9970円
【Amazon】10194円

★楽天で購入すると★
 224円 お得（お得率2％）

↓お得な情報を一覧で確認出来るサイト
https://t.co/kMQYxgL6Rh

#楽天市場 #Amazon #お得 #せどり https://t.co/DpNYqP6pth",1.3112119754692198e+18
45,2020-09-30 07:47:56,Mukutroy5,"Order for best design for your tees 

https://t.co/nn20bP9mnj

#christmas #christmastree  #love  #xmas #merrychristmas  #christmasdecor #christmastime  #winter  #handmade  #santa  #tee #tshirt #amazon #etsy #teespringdesign #merchdsign https://t.co/zLfUDZLFjH",1.3112111607424082e+18
46,2020-09-30 07:54:38,Benjamin_ombe,"""Nouveautés Afrique de septembre"" chez @HarmattanParis Le Cameroun en prospective: Evaluation critique des Objectifs du développement durable. Fierté de voir son travail mis en exergue. Disponible sur #Amazon --&gt; https://t.co/Kk5LkPMwN3 https://t.co/UL9wDwumtb",1.311212848270512e+18
47,2020-09-30 07:51:12,foodthink18,"FOODThink’s #Khapli Atta is rich in iron and magnesium which makes it an ideal food for women going through #pregnancy or post-pregnancy. 
...
Order Now!
Available on #Amazon and #Flipkart
Visit us at https://t.co/BERxaJayw7
..
#FOODThink #eatwell #lunchideas #healthyfoodshare https://t.co/tiRc0cxneo",1.3112119837110845e+18
48,2020-09-30 07:48:43,ikari26,"アマゾンの領収書、購入明細書の発行方法は簡単です。その方法を、こちらのブログ記事で紹介しています！ #Amazon

Amazonの領収書・購入明細書の発行方法（出し方）を簡単解説！

https://t.co/T71UXRgPje",1.3112113590910935e+18
49,2020-09-30 07:55:40,Amazon76380486,"https://t.co/aCI5XxuSTi
#ad
#Amazon",1.311213108942254e+18
,date,screen_name,tweet,tweet_id
0,2020-09-30 07:46:16,ChollosDescubre,"‍CHOLLAZO ❗️🔸 #Amazon | #Bricolaje
📣Honeywell Home DW315 Timbre cableado, 6 melodías, 12 V, 110 x 70 x 42.5

⛔️ PVP: 39,99€ 
 ✅PRECIO OFERTA: 28,83€ 

   ⤵️ Link de compra
   🌐 https://t.co/fZf35FZpT1

Visto en https://t.co/HW2VwUc9d2 https://t.co/BFWNUrSQ36",1.311210743350657e+18
1,2020-09-30 07:44:36,rahulag1991,I played this interesting Quiz on Amazon-Play games at Amazon FunZone  https://t.co/aSvWVFOWAt #Amazon #AmazonQuiz #AmazonLaunchPadQuiz @amazonIN https://t.co/fWSyDHGoNW,1.311210323454591e+18
2,2020-09-30 07:41:55,robert_mey,"Wenn dir #Amazon via Werbemail ""Das Kapital"" empfiehlt. 🧐🧐🧐",1.3112096465400996e+18
3,2020-09-30 07:47:24,BaratoDeVerdad,"🌞 ¡#FelizMartes a tod@s!

👟 Te ENCANTARÁN estas zapatillas deportivas #marca #Adidas

¡¡Desde MENOS de 28 💶!!

🔸 IDEALES para practicar #baloncesto

🏪 En #Amazon

A POR ELLAS 👉 https://t.co/d4pDV4Bd4c https://t.co/EfZgJPnMP9",1.311211028009685e+18
4,2020-09-30 07:46:10,rakten_kaden_,"09/30 16:46

TOSHIBA/東芝 VC-C7-R(グランレッド
【楽天】19778円
【Amazon】20700円

★楽天で購入すると★
 922円 お得（お得率5％）

↓お得な情報を一覧で確認出来るサイト
https://t.co/kMQYxgL6Rh

#楽天市場 #Amazon #お得 #せどり https://t.co/33WuW7dWPl",1.3112107154248049e+18
5,2020-09-30 07:47:02,FChollos,"‍ Chollazo
Taurus Microondas Fastwave 25L Digital con Grill, ModoECO, 900W, 1000W, Descongelar, MultiCook, QuickStart, Programable, Auto-clean, Revestimiento ShinyClean, 99min, SmartHeat, 455x342x26 mm, Inox
#Amazon | #Hogar

Ofer… https://t.co/fyecmnNr89 https://t.co/nZmTE7GRqE",1.3112109324885033e+18
6,2020-09-30 07:45:37,XperienceDope,"Blasting Madlib - Friends (Foes) right now on Pretty Dope Xperience Radio aka #BlackPandora

listen now and catch a wave!! https://t.co/VqKFopeoex  #nowplaying #np #RT  #NowStreaming #Streema Download Now #Alexa #GooglePlay #iOSAppStore #Amazon #",1.311210577323266e+18
7,2020-09-30 07:42:03,robinsnewswire,"""18 Rolls Staples 1.88"" x 54.6 Yds Shipping Packing Tape only $35.03: eDeal Info"" #Amazon #Ebay #Walmart #Discounts #Coupons #Deals: https://t.co/pcDnO3f5ds",1.3112096792933007e+18
8,2020-09-30 07:46:06,CholloLinkES,"‍CHOLLAZO ❗️🔸 #Amazon | #Bricolaje
📣Honeywell Home DW315 Timbre cableado, 6 melodías, 12 V, 110 x 70 x 42.5

⛔️ PVP: 39,99€ 
 ✅PRECIO OFERTA: 28,83€ 

   ⤵️ Link de compra
   🌐 https://t.co/xonETfvnht

Visto en https://t.co/JpQzg3pNYP https://t.co/Ocyo9DMLij",1.311210698870059e+18
9,2020-09-30 07:45:20,app_xndr,"GTA IV Cheats app for #kindle #Fire and #FireHD https://t.co/cOuOdThNxK #Amazon . September 30, 2020 at 08:45AM",1.3112105080627855e+18
10,2020-09-30 07:44:17,kishore1948,#OneArrangedMurder #Chetanbhagat got it for Rs.165/- pre release order by #Amazon https://t.co/Etv7wWLAC1,1.311210243993473e+18
11,2020-09-30 07:41:09,rakten_kaden_,"09/30 16:41

YMO-103 オムニ フェイシャルリフトアトワン
【楽天】7049円
【Amazon】7980円

★楽天で購入すると★
 931円 お得（お得率13％）

↓お得な情報を一覧で確認出来るサイト
https://t.co/kMQYxgL6Rh

#楽天市場 #Amazon #お得 #せどり https://t.co/cHYLP9J5K5",1.311209455237755e+18
12,2020-09-30 07:42:03,robinsnewswire,"""New Balance Women's NB Athletics Stadium Crew only $20.99: eDeal Info"" #Amazon #Ebay #Walmart #Discounts #Coupons #Deals: https://t.co/J8ymVwU7HH",1.3112096781440696e+18
13,2020-09-30 07:43:43,rahulag1991,I played this interesting Quiz on Amazon-Play games at Amazon FunZone  https://t.co/aSvWVFOWAt #Amazon #AmazonQuiz #ExtraSavingQuiz @amazonIN https://t.co/AHjgi9Rr0P,1.3112101009174979e+18
14,2020-09-30 07:45:40,OnlyGearBest,"🌟 [𝗢𝗻𝗹𝘆 𝗚𝗲𝗮𝗿𝗯𝗲𝘀𝘁] 🌟

🔊 Timbre Inalámbrico sin Pilas, OMERIL Timbres Inalámbricos Exterior Impermeable, 150M de Alcance #amazon

🌍 Enlace: https://t.co/8o2lH5ilF0

Te esperamos en telegram: https://t.co/mPaN5u2fFj https://t.co/fHvTQxIOhe",1.3112105895035986e+18
15,2020-09-30 07:47:12,AH0RRAC0M0NUNCA,"🌞 ¡#FelizMartes a tod@s!

👟 Te ENCANTARÁN estas zapatillas deportivas #marca #Adidas

¡¡Desde MENOS de 28 💶!!

🔸 IDEALES para practicar #baloncesto

🏪 En #Amazon

A POR ELLAS 👉 https://t.co/uduMdFGlLD https://t.co/TqvFMdAASM",1.311210975543124e+18
16,2020-09-30 07:46:46,srinicaps,"@amazon #AmazonQuiz #amazon 

https://t.co/63obrjALnh",1.3112108674641388e+18
17,2020-09-30 07:41:35,Inno_Trends,SEO / SEA World Conference 2020 – Sonder­konditionen für Online-Event am 29.10. #SEOSEAWORLD https://t.co/P2L2EArwBR #SEOVergleich #SEO #eCommerce #SEA #Amazon #Digitalisierung #SEM #Google #Datenschutz #OnlineMarketing #DigitaleTransformation #eBusiness #Marketing,1.3112095641095168e+18
18,2020-09-30 07:45:57,chollosyoferta,"#Chollo #Amazon 49% DESCUENTO iiyama XUB2395WSU B1 Monitor IPS LED 57,15cm (22,5"") WUXGA 16:10 (VGA, HDMI, DisplayPort, USB2.0, Ultra Slim Line, Regulable en altura, Pivotante) Negro Mate

Precio oferta: 159,0
Reacondicionado: 80,18

    👇👇👇👇👇👇👇
👉 https://t.co/iPdtnZWBco https://t.co/h840mfUViE",1.3112106606724383e+18
19,2020-09-30 07:45:04,amitabhisgood,"Book#1 of #Shortstories series from accidental #author Amitabh Choudhury, now on #kindleunlimited. 

Title: Thank you 
Sub-title: Short #family story
ASIN: B08JHRV8P4 

Get it from #Amazon: 
#USA: https://t.co/ostZknESt7

#NewYork #California #Florida #Miami #LA #Montreal #Pari…",1.3112104379004723e+18
20,2020-09-30 07:45:54,rahulag1991,I played this interesting Quiz on Amazon-Play games at Amazon FunZone  https://t.co/aSvWVFOWAt #Amazon #AmazonQuiz #HandicraftsMelaQuiz @amazonIN https://t.co/fZN3YltSlX,1.3112106509878313e+18
21,2020-09-30 07:47:16,hispachollos,"Axloie Auriculares Inalambricos Deporte IPX7 Impermeable 35H Autonomía Auriculares Bluetooth 5.0 Deportivos Cascos Inalambricos con Caja de Carga Running  #Amazon 🇪🇸

⚡ Precio con Cupón: 19,99€

🎯 Código cupón: XPYBRUMC

❌ Precio ant ...
https://t.co/RgwO0gvKJj
#chollo",1.3112109912674796e+18
22,2020-09-30 07:41:21,XperienceDope,"Blasting Popcaan - TWIST &amp; TURN (feat. Drake &amp; PARTYNEXTDOOR)  right now on Pretty Dope Xperience Radio aka #BlackPandora

listen now and catch a wave!! https://t.co/VqKFopeoex  #nowplaying #np #RT  #NowStreaming #Streema Download Now #Alexa #GooglePlay #iOSAppStore #Amazon #",1.3112095031201423e+18
23,2020-09-30 07:46:12,MaxiChollo,"‍CHOLLAZO ❗️🔸 #Amazon | #Bricolaje
📣Honeywell Home DW315 Timbre cableado, 6 melodías, 12 V, 110 x 70 x 42.5

⛔️ PVP: 39,99€ 
 ✅PRECIO OFERTA: 28,83€ 

   ⤵️ Link de compra
   🌐 https://t.co/ijSUU02z0d

Visto en https://t.co/HGTfnxg2wd https://t.co/eGw8Z6g01e",1.3112107250675876e+18
24,2020-09-30 07:43:27,NipunTulsyan,@JeffBezos Something big fraud is happening through #amazon some is representing #bangalorefinery and trying to sell fake precious metals and we innocent public are buying it for amazon goodwill,1.3112100329025454e+18
25,2020-09-30 07:40:24,vigisec,"#Amazon launches #contactless palm #biometrics for retail, access control markets https://t.co/RNZpP0GxVk",1.3112092667081277e+18
26,2020-09-30 07:45:06,rahulag1991,I played this interesting Quiz on Amazon-Play games at Amazon FunZone  https://t.co/aSvWVFOWAt #Amazon #AmazonQuiz #AmazonPayLaterQuiz @amazonIN https://t.co/sidfcTVez3,1.3112104470063145e+18
27,2020-09-30 07:45:42,MenudoPaquete,"🌟 [𝗠𝗲𝗻𝘂𝗱𝗼 𝗣𝗮𝗾𝘂𝗲𝘁𝗲] 🌟

🔊 Timbre Inalámbrico sin Pilas, OMERIL Timbres Inalámbricos Exterior Impermeable, 150M de Alcance #amazon

🌍 Enlace: https://t.co/tOy0oMg3Kn

Te esperamos en telegram: https://t.co/IbEojfZpa4 https://t.co/RsHVjEJXel",1.311210596998746e+18
28,2020-09-30 07:46:44,rahulag1991,I played this interesting Quiz on Amazon-Play games at Amazon FunZone  https://t.co/aSvWVFOWAt #Amazon #AmazonQuiz #AmazonSpinandWin  @amazonIN https://t.co/frjCOSXbVM,1.311210857209254e+18
29,2020-09-30 07:40:03,chicachick_2,"ODIO LA VAINILLA de @MaldonadoMerche 
📱https://t.co/O9709qSGHT
📖https://t.co/VIzlMGnO2K
Una #novela novela que bajo la apariencia de historia romántica, posee un trasfondo psicológico que nos hace cuestionar qué necesita el ser humano para ser feliz.
@EDICIONESPROUST 
#Amazon https://t.co/oDKUuVuEyb",1.3112091764174234e+18
30,2020-09-30 07:42:59,rahulag1991,I played this interesting Quiz on Amazon-Play games at Amazon FunZone  https://t.co/aSvWVFOWAt #Amazon #AmazonQuiz #MiWatchQuiz @amazonIN https://t.co/eOuALvSDfw,1.311209914950353e+18
31,2020-09-30 07:40:20,fikadeals,"Nutri Blend Kitchen Machina @ Rs.3799.

Link : https://t.co/jLvWpWc8o0

#amazonprime #amazon @ India https://t.co/g49oqRoEyE",1.3112092499477422e+18
32,2020-09-30 07:43:04,xmmm42261380,"@HarukiKai0628 諦めずに粘り続けます(*｀･ω･)ゞ💕
200倍返しに選ばれますように！！
よろしくお願いします( * ॑˘ ॑*  ) ⁾⁾

https://t.co/fwYle525aT #Amazon",1.3112099380608655e+18
33,2020-09-30 07:43:05,Demi19951,"""Amazonレビュー募集中！！
商品代金は全額補償
ご興味ある方はぜひともご参加いただきたいです！
#amazon #アマゾン #レビュー #レビュアー #無料 #サンプル #試供品 #お試し #モニター  #新商品 #アマゾンレビュー #Amazonレビュー #レビュー募集"" https://t.co/fQSyKbr0Ik",1.311209940178985e+18
34,2020-09-30 07:43:52,GratisCasi,"⁠ MINI PRECIO #Amazon

4 Sujeta mascarillas infantil

AHORA 2.73€
Antes 4.44€ (- 1.71€)

: https://t.co/gCF0mf092G

Más chollos en OFERTACULAR
https://t.co/1aLHIgE0D3 https://t.co/N0gqE7Tris",1.3112101380286505e+18
35,2020-09-30 07:40:26,Demi19951,"""Amazonレビュー募集中！！
商品代金は全額補償
ご興味ある方はぜひともご参加いただきたいです！
#amazon #アマゾン #レビュー #レビュアー #無料 #サンプル #試供品 #お試し #モニター  #新商品 #アマゾンレビュー #Amazonレビュー #レビュー募集"" https://t.co/9fkXgREY5R",1.3112092718460764e+18
36,2020-09-30 07:45:41,reinadellowcost,"🌟 [𝗟𝗮 𝗿𝗲𝗶𝗻𝗮 𝗱𝗲𝗹 𝗟𝗼𝘄𝗰𝗼𝘀𝘁] 🌟

🔊 Timbre Inalámbrico sin Pilas, OMERIL Timbres Inalámbricos Exterior Impermeable, 150M de Alcance #amazon

🌍 Enlace: https://t.co/JdE9St5N4B

Te esperamos en telegram: https://t.co/Jxndx9pJCJ https://t.co/T9SwcVuEAO",1.3112105931525325e+18
37,2020-09-30 07:42:17,JPgadblo,"MicroSD128GBプレゼント！(下記リンク)

 【4K＆3カメラドラレコ】YAZACO P3 Proレビュー！おすすめの次世代ドライブレコーダー！ https://t.co/xeKJRmFjFw

 #ドラレコ #ドライブレコーダー #Amazon",1.3112097401316844e+18
38,2020-09-30 07:45:28,techdivine,"Amazon introduces Amazon One 
#Amazon #AmazonOne

https://t.co/h27s3hJGpv",1.3112105384419492e+18
39,2020-09-30 07:45:17,EmergedNotion,Kpop BTS Shirt Love Yourself Baseball Jersey Jimin Suga V Jung Kook T-Shirt $15!! on #Amazon #BTSで妄想 #BTSARMY #BTS #Kpop #ad https://t.co/es8TmPcgqJ,1.3112104957775708e+18
40,2020-09-30 07:47:08,1CMartinez,How to Switch to Jungle Scout from Helium 10 https://t.co/6jvAoSz66G #amazon #fba #business,1.3112109609972818e+18
41,2020-09-30 07:42:02,robinsnewswire,"""Staples 2398140 Electric Half Strip Stapler 20 Sheet Capacity only $14.38: eDeal Info"" #Amazon #Ebay #Walmart #Discounts #Coupons #Deals: https://t.co/ODNMWfqxjw",1.3112096775694991e+18
42,2020-09-30 07:42:03,robinsnewswire,"""Lancardo Luxury Gold Tone Stainless Steel Men's Wrist Watch only $8.98: eDeal Info"" #Amazon #Ebay #Walmart #Discounts #Coupons #Deals: https://t.co/0clu4rS6gk",1.3112096798427668e+18
43,2020-09-30 07:41:38,ManabendraGopal,"Draw a bag by Soft pastel..
Only #black and #Red
#Flipkart #Amazon 
#manabendragopal

ଚିତ୍ର:ମାନବେନ୍ଦ୍ର ଗୋପାଲ https://t.co/ResmUwicEg",1.3112095773674947e+18
44,2020-09-30 07:46:55,sickcris,"- No compréis en #Mercadona
- No compréis en #Amazon 
- No utilicéis #Ubereats 
- No utilicéis #Cabify https://t.co/NdH84KWlWO",1.3112109042945106e+18
45,2020-09-30 07:42:03,robinsnewswire,"""U-Boat Classico Stainless Steel Automatic Men's Watch only $899.10: eDeal Info"" #Amazon #Ebay #Walmart #Discounts #Coupons #Deals: https://t.co/7VA0NOHg3n",1.3112096787103416e+18
46,2020-09-30 07:41:58,fikadeals,"women kurtis @ Rs.299

Link : https://t.co/X4CvDeYnRZ

#amazon #amazonfashionfinds #amazingcars @ India https://t.co/qRiIthAB02",1.3112096605112197e+18
47,2020-09-30 07:45:01,creativemm12,"👉https://t.co/tAqUnYYmsx #amazon👈
💯👉Auto Follower👈💯
💯👉#自動相互フォロー👈💯

#f4f
#Astros
#Titans
#White #Sox
#拡散希望RTお願いします
#1000ADay
#TFB
#followermachine
#TeamFollowBack
#TeamFollowback
#FollowBack
#500ADay",1.3112104270832353e+18
48,2020-09-30 07:44:13,Tandem_UP,"#Amazon apuesta por la moda de lujo, creando un escaparate accesible desde la #app, con #AmazonLuxuryStores 📲👠
https://t.co/ahe96fX6fs
#Marketplaces",1.3112102245446083e+18
49,2020-09-30 07:43:20,rahulag1991,I played this interesting Quiz on Amazon-Play games at Amazon FunZone  https://t.co/aSvWVFOWAt #Amazon #AmazonQuiz #AmazonPayQuiz @amazonIN https://t.co/mGmbLVHYFE,1.3112100020367892e+18
,date,screen_name,tweet,tweet_id
0,2020-09-30 07:35:40,kana_ogawa,"【ローター】ベスト10
バイブ 女性用 ローター 強力バイブレーター 10種類の振動パターン ソフトな手触り リモコンローター USB充電式 静音防水
https://t.co/rAsGfLoNNZ #Amazon",1.31120807508113e+18
1,2020-09-30 07:38:10,MaxiChollo,"‍SUPER PRECIO ❗️🔸 #Amazon | #Hogar
📣Rörets - Mopa de microfibra con pulverizador

⛔️ PVP: 11,75€ 
 ✅PRECIO OFERTA: 10,70€ 

   ⤵️ Link de compra
   🌐 https://t.co/TeIFaNwski

Visto en https://t.co/HGTfnxg2wd https://t.co/W8LAUEPHqw",1.311208703077634e+18
2,2020-09-30 07:38:18,hispachollos,"🌀 Amazfit GTS Reloj Smartwactch Deportivo | 14 días Batería | GPS Glonass | Sensor Seguimiento Biológico BioTracker™ PPG | Frecuencia Cardíaca | Natación | Bluetooth 5.0 (iOS &amp; Android) Gris. #Amazon 🇪🇸

🔘 Unidades limitadas!!!

🕘 PR ...
https://t.co/KpmtDy5R2M
#chollo",1.3112087363635118e+18
3,2020-09-30 07:37:29,DevanshDigital,"Tata Sampann Besan, 1kg by #Tata 

https://t.co/nbk1L3yXp7 via @amazonIN

M.R.P.:₹ 115.00
Price:₹ 94.00 (₹ 9.40 / 100 g) Pantry badge
You Save:₹ 21.00 (18%)
#Amazon #AmazonPantry #Sampann #Besan #TataSampann #ChanaDal",1.3112085306663854e+18
4,2020-09-30 07:35:07,ADVANCEBOOKS777,"AUTORES INDIE A.B 
DE HOMBRES Y SIRENAS del autor 
@CGarciaAranda
@ADVANCEBOOKS777
 #amazon #kindle https://t.co/CLuQThhQq4
Tienda online Alberto Santos: https://t.co/W3C2Tr1PDj
En tu librería habitual:Editorial IMÁGICA
@JARios_autor
@MagdaDJG https://t.co/ESDWNv3L6u",1.311207934165123e+18
5,2020-09-30 07:35:56,kana_ogawa,"【ローター】ベスト10
ローター リモコンバイブ ワイヤレス たまご型 遠隔可能 防水 静音 USB 充電式 女性用 電マ 小型 シリコン
https://t.co/jtVPtqyuGP #Amazon",1.3112081413007974e+18
6,2020-09-30 07:35:05,JARios_autor,"AUTORES INDIE A.B 
DE HOMBRES Y SIRENAS del autor 
@CGarciaAranda
@ADVANCEBOOKS777
 #amazon #kindle https://t.co/ogoHN53z58
Tienda online Alberto Santos: https://t.co/7tlX77KppJ
En tu librería habitual:Editorial IMÁGICA
@JARios_autor
@MagdaDJG https://t.co/UnU5B9ZEkC",1.311207925776515e+18
7,2020-09-30 07:35:35,kana_ogawa,"【ローター】ベスト10
バイブ ローター 電動 ディルド 【ダブルヘッド振動+38°C 人間の皮の暖房+自由に曲げられ】バイブ る シリコン製 防水 電マ 強力 静音 バイブ 潮吹き 電マ アダルトグッズ 女性用 人気 ローター 大人のおもちゃ アダルトグッズ
https://t.co/ahJJ3uhUV9 #Amazon",1.3112080530987336e+18
8,2020-09-30 07:35:30,kana_ogawa,"【ローター】ベスト10
バイブ 女性用 バイブレーター 充電式 ピストン振動 36段階振動パターン 強力ローター
https://t.co/1DxovO3lAh #Amazon",1.3112080309109105e+18
9,2020-09-30 07:34:59,darkcomlee1,"""Amazonレビュー募集中！！
商品代金は全額補償
ご興味ある方はぜひともご参加いただきたいです！
#amazon #アマゾン #レビュー #レビュアー #無料 #サンプル #試供品 #お試し #モニター  #新商品 #アマゾンレビュー #Amazonレビュー #レビュー募集"" https://t.co/oWkRSmhFuM",1.3112079022002258e+18
10,2020-09-30 07:34:46,flickonclick,"Amazon Introduces a New Way of Biometric Verification Called Amazon One
https://t.co/eRWEXqUcNy
#Amazon #AmazonOne
#AmazonIndia",1.3112078461685432e+18
11,2020-09-30 07:34:58,DevanshDigital,"Fortune Chakki Fresh Atta, 10kg by #FORTUNE 

https://t.co/9UW1MhA1Ta via @amazonIN 

M.R.P.:₹ 375.00
Price:₹ 309.00 (₹ 30.90 / kg) Pantry badge
You Save:₹ 66.00 (18%)
#Amazon #AmazonPantry #Chakki #FreshAtta #Atta #Flour #WheatFlour",1.3112078960640369e+18
12,2020-09-30 07:38:17,CholloLinkES,"‍SUPER PRECIO ❗️🔸 #Amazon | #Hogar
📣Rörets - Mopa de microfibra con pulverizador

⛔️ PVP: 11,75€ 
 ✅PRECIO OFERTA: 10,70€ 

   ⤵️ Link de compra
   🌐 https://t.co/kL5xSYkHk9

Visto en https://t.co/JpQzg3pNYP https://t.co/is9gn5L1DS",1.3112087327355372e+18
13,2020-09-30 07:34:44,ShopSuperSmart,"Buy from here:
Check out Nokia 5.3 Android One Smartphone with Quad Camera, 4 GB RAM and 64 GB Storage - Cyan by Nokia https://t.co/5CiY5XhI2m via @amazon @amazonIN #Amazon",1.3112078376289976e+18
14,2020-09-30 07:35:25,kana_ogawa,"【ローター】ベスト10
ローター 20種類パターン 乳首責め たまご型
https://t.co/AWIWacvFdy #Amazon",1.3112080088027382e+18
15,2020-09-30 07:33:20,readinglistbook,Read Dante Valentine | #Kindle #Free #Amazon #Books #Romance #Reading #Book https://t.co/Euzh45flLo,1.3112074881469235e+18
16,2020-09-30 07:35:05,ADVANCEBOOKS777,"AUTORES INDIE A.B 
DE HOMBRES Y SIRENAS del autor 
@CGarciaAranda
@ADVANCEBOOKS777
 #amazon #kindle https://t.co/CLuQThhQq4
Tienda online Alberto Santos: https://t.co/W3C2Tr1PDj
En tu librería habitual:Editorial IMÁGICA
@JARios_autor
@MagdaDJG https://t.co/KXWYVNY2fu",1.3112079253697577e+18
17,2020-09-30 07:38:07,AntonioLinkinYT,"Dualsense Avaiable in:
ES: https://t.co/ETGKwGwlse
IT: https://t.co/RTDK9u7DUH
FR: https://t.co/v8wINmTwQ4
DE: https://t.co/xBphmfxm73
UK: https://t.co/YiaV2esCaK
#PS5 #PlayStation5 #PS5reveal #ps5preorder #Playstation5Showcase #PlayStation5preorder #Amazon #amazonps5",1.3112086908218532e+18
18,2020-09-30 07:35:19,kana_ogawa,"【ローター】ベスト10
ローター 女性用 バイブローター ピンクローター ７パターン/USB充電式/強力/超静音
https://t.co/C6IKvmweVe #Amazon",1.3112079868958843e+18
19,2020-09-30 07:35:24,Tarrako1162,"🔥CHOLLO! #Amazon | #Zapatos

📢Vibram #Fivefingers Trek Ascent, Zapatillas de Deporte Exterior para Mujer. TALLA 36

   ❌ Antes: 119,00€
   🔥 PRECIO OFERTA: 58,56€🔥 -51%
   🔰 Enlace: https://t.co/SaYcotgSIP https://t.co/Cvc30gygbC",1.3112080086769705e+18
20,2020-09-30 07:34:42,zero2unicorn,"Amazon announced a new contactless biometric technology called ‘Amazon One’ that allows shoppers to pay at stores by placing their palm over a scanner. It can also be used to present a loyalty card, enter stadiums, or even for badging into work. 
#Amazon #amazonone https://t.co/Z4FOI4nyol",1.3112078308888945e+18
21,2020-09-30 07:38:43,AndhiniMutiara,"I'm so happy and excited to announce you that my debut of the poetry book, THE LOVE OF TWO OCEANS is available now on #amazon 😍
#poetrybook #andhinimutiara #theloveoftwooceans https://t.co/l84F6EjpaB",1.311208841573331e+18
22,2020-09-30 07:36:16,munewarikun,"刀を探してたらこんなかっこいいのを見つけてしまったε=ヾ(;ﾟ□ﾟ)ﾉ

模造刀剣 NEU-060L 金雲 大刀 https://t.co/6O83aGYKu7 #Amazon",1.3112082227457147e+18
23,2020-09-30 07:38:27,Akira15407410,"Amazonほしい物リストを一緒に編集しましょう https://t.co/DnC1x8NmVF #Amazon

エナドリ欲しい",1.3112087729377362e+18
24,2020-09-30 07:38:04,ChollosDescubre,"‍SUPER PRECIO ❗️🔸 #Amazon | #Hogar
📣Rörets - Mopa de microfibra con pulverizador

⛔️ PVP: 11,75€ 
 ✅PRECIO OFERTA: 10,70€ 

   ⤵️ Link de compra
   🌐 https://t.co/vOFAytPJgP

Visto en https://t.co/HW2VwUc9d2 https://t.co/7tFrFrXtC3",1.311208675932074e+18
25,2020-09-30 07:35:07,MagdaDJG,"AUTORES INDIE A.B 
DE HOMBRES Y SIRENAS del autor 
@CGarciaAranda
@ADVANCEBOOKS777
 #amazon #kindle https://t.co/izTbQjxGRj
Tienda online Alberto Santos: https://t.co/RumRlPj1Jn
En tu librería habitual:Editorial IMÁGICA
@JARios_autor
@MagdaDJG https://t.co/WqdQWyUCX0",1.3112079355870372e+18
26,2020-09-03 18:26:48,LenovoLegion,"Lenovo Legion x @PlayApex
Now is your chance to rise above the rest. 
Unmatched performance, purposeful engineering, modern design.
Gear up with a machine as savage as you are.
Stylish outside.
Savage inside.",1.301587465258578e+18
27,2020-09-30 07:36:22,XperienceDope,"Blasting Kalan.Frfr. - Scoring (Club) right now on Pretty Dope Xperience Radio aka #BlackPandora

listen now and catch a wave!! https://t.co/VqKFopeoex  #nowplaying #np #RT  #NowStreaming #Streema Download Now #Alexa #GooglePlay #iOSAppStore #Amazon #",1.311208248226263e+18
28,2020-09-30 07:36:41,ShopSuperSmart,"@TechnicalGuruji @YouTubeIndia Buy from here:
Check out Nokia 5.3 Android One Smartphone with Quad Camera, 4 GB RAM and 64 GB Storage - Cyan by Nokia https://t.co/5CiY5XhI2m via @amazon @amazonIN #Amazon",1.3112083286770442e+18
29,2020-09-30 07:34:31,offerte_it,"#Samsung Galaxy A30s, Display 6.4"" Super AMOLED, 128 GB Espandibili, RAM 4 GB, Batteria 4000 mAh, 4G, Dual SIM, Android 9 Pie, White
#Amazon #AmazonPrimeDay 

💰SCONTO DEL 31%   💶RISPARMI € 80,90
❌DA € 259,90 ✅A € 179,00

💥Vai all’offerta👇
https://t.co/cs1vmv0By1",1.3112077860937196e+18
30,2020-09-30 07:39:13,kane104,"@chihiro_in_NY ロジクール ヘッドセット H340r ステレオ USB接続 ノイズキャンセリング マイク 軽量 ヘッドフォン windows mac... https://t.co/WKwWdHn38k #Amazon
やっと安くなった",1.311208965489832e+18
31,2020-09-30 07:36:00,ErnstJanBos,"Winkelen en een telefoon, straks echt een mooie samenwerking. #Amazon https://t.co/oQOHgogbMR",1.3112081564129976e+18
32,2020-09-30 07:35:51,kana_ogawa,"【ローター】ベスト10
バイブ ローター 乳首 吸引 4種吸い込みモード+4種類音波振動 クリトリス おとなのおもちゃ 女性用 人気 ちくび 吸引 開発 ニップルドーム 電マ オトナ の 玩具 成人 の おもちゃ クリトリス 女性用 アダルトグッズ
https://t.co/CWDKKwKdkk #Amazon",1.3112081189115494e+18
33,2020-09-30 07:38:08,creativemm12,"&lt;Current Weather&gt;
New York
Temperature: 71.06°F/ Status: rain
👉https://t.co/nY0NPrPkmN #amazon👈
💯👉Auto Follower👈💯
💯👉#自動相互フォロー👈💯

#固定RT
#Yankees
#Titans
#Hillary #Clinton
#TeamFollowback
#フォロバ100パーセント
#FollowBack",1.3112086960436388e+18
34,2020-09-30 07:39:30,cross82902,"もっと情報が欲しい !!!!

#Jiani #JianiSport 
#Amazon #ランニング 
#着圧ソックス #マラソン
#ソックス #running 
#compressionsocks https://t.co/lX90bsHHGf",1.311209037837398e+18
35,2020-09-30 07:39:54,SugacubeM1,"https://t.co/xt9RhzCFlo myLAB Box is the first and only nationwide 100% at-home #STD testing service. Featured in: #Forbes, #Vice, Bustle, LA Times, Oxygen, #Amazon Launchpad, #Target, #Walmart, Alley Watch.",1.3112091386141368e+18
36,2020-09-30 07:36:06,heiseonline,"Amazon One: Die Hand als ""Kreditkarte"" https://t.co/y3kl2wfWof #Amazon #AmazonOne",1.3112081812893573e+18
37,2020-09-30 07:38:40,Myriad_Digital,#Amazon One: Palm scanner launched for 'secure' payments https://t.co/QRG5pJeH2h,1.3112088278455706e+18
38,2020-09-30 07:35:14,kana_ogawa,"【ローター】ベスト10
ローター 女性用 ピンクローター 強力 7種振動パターン USB充電式 静音防水 アダルトグッズ バイブ 小型 リモコンローター 大人のおもちゃ
https://t.co/CotdIDXdHp #Amazon",1.3112079649932247e+18
39,2020-09-30 07:35:05,MagdaDJG,"AUTORES INDIE A.B 
DE HOMBRES Y SIRENAS del autor 
@CGarciaAranda
@ADVANCEBOOKS777
 #amazon #kindle https://t.co/izTbQjxGRj
Tienda online Alberto Santos: https://t.co/RumRlPj1Jn
En tu librería habitual:Editorial IMÁGICA
@JARios_autor
@MagdaDJG https://t.co/7ic8MJTipS",1.3112079288090952e+18
40,2020-09-30 07:35:07,JARios_autor,"AUTORES INDIE A.B 
DE HOMBRES Y SIRENAS del autor 
@CGarciaAranda
@ADVANCEBOOKS777
 #amazon #kindle https://t.co/ogoHN53z58
Tienda online Alberto Santos: https://t.co/7tlX77KppJ
En tu librería habitual:Editorial IMÁGICA
@JARios_autor
@MagdaDJG https://t.co/2bmtQ3K7xT",1.311207935226282e+18
41,2020-09-30 07:34:34,NA5GGYbQ9Nm0iLm,"マジで伸びしろしかない。
#amazon #AWS #NEM #Symbol #mijin https://t.co/eHCuxGebtc",1.3112077953504133e+18
42,2020-09-30 07:35:15,OfertacularRL,"‼️MINI PRECIO‼️ 👁‍🗨 #Ofertacular #Amazon #chollo #oferta #ganga

⚫️ 4 Sujeta mascarillas infantil

🛒: ➡️ https://t.co/iSo7JqJWBx ⬅️ https://t.co/TaicgHHizd",1.3112079703788544e+18
43,2020-09-30 07:35:20,Allanelaine7,"View our Newest Designed #Mug for #Tea &amp; #Coffee Mug! on #Amazon #Chicha #mug
https://t.co/xxcUI5Hr58",1.3112079877556716e+18
44,2020-09-30 07:36:01,kana_ogawa,"【ローター】ベスト10
ローター 20種類の振動パターンクリ乳首責め キュートなデザイン 静音防水
https://t.co/NxYxkacayT #Amazon",1.311208163329237e+18
45,2020-09-30 07:36:41,kimura_books,向井さんの旦那さん、印象的なおかっぱのあの方の著書です。数字にまつわるトリビアで満載です。例えば「牛一頭の皮で野球ボール○○個出来る」など。 '渡る世間は「数字」だらけ (講談社文庫)' https://t.co/Runpjl9TSz #books #amazon,1.3112083277668925e+18
46,2020-09-30 07:36:09,rakten_kaden_,"09/30 16:36

アイリスオーヤマ　IRIS　単機能電子レンジ　「西
【楽天】5480円
【Amazon】6020円

★楽天で購入すると★
 540円 お得（お得率10％）

↓お得な情報を一覧で確認出来るサイト
https://t.co/kMQYxgL6Rh

#楽天市場 #Amazon #お得 #せどり https://t.co/bK88IGTGUV",1.3112081953778852e+18
47,2020-09-30 07:36:02,GramlingBlake,"Last Chance! Would you like to win a $50 Amazon Gift Card or PayPal Deposit? Check out this easy entry Gleam giveaway for a chance to #WIN

Open Worldwide

@GooseGiveaways #wingiftcard #wincash #amazon #paypal #winmoney #sweepstakes #giveaways https://t.co/ckCmEynwmS",1.3112081653971436e+18
48,2020-09-30 07:33:20,hispachollos,"🌀 HAWKERS Gafas de Sol Deportivas Faster, para Hombre y Mujer, con Montura bicolor negro brillante a azul y lente cromada azul cielo con efecto espejo, Protección UV400. #Amazon 🇪🇸

💶 Precio oferta: 17,5€ 💥 (PVP normal: 25,94€)

💳 En ...
https://t.co/sMYcZeF8CP
#chollo",1.311207488411308e+18
49,2020-09-30 07:39:27,CHontanilla,"Así es #Amazon One, el nuevo sistema del gigante del retail para que pagues escaneando tu mano https://t.co/3QSzeYH0DQ a través de @Mkt4eCommerce #Fintech",1.311209025539838e+18
,date,screen_name,tweet,tweet_id
0,2020-09-30 07:30:38,MenudoPaquete,"🌟 [𝗠𝗲𝗻𝘂𝗱𝗼 𝗣𝗮𝗾𝘂𝗲𝘁𝗲] 🌟

🔊 Licuadoras Para Verduras y Frutas Velocidad, AICOK Licuadora Prensado Frio Extractor de Zumos A #amazon

🌍 Enlace: https://t.co/ruRjg6HgN7

Te esperamos en telegram: https://t.co/IbEojfZpa4 https://t.co/y9UnXKqf32",1.3112068053814886e+18
1,2020-09-30 07:30:32,dentsuXspain,"Se trata de un dispositivo biométrico que se conocerá como #Amazon One, y que pronto empezará a instalarse en las tiendas de la compañía y que podría expandirse en breve a la cadena de supermercados Whole Foods.
https://t.co/o8lAJNCtxt vía @elmundoes",1.3112067825854423e+18
2,2020-09-30 07:30:46,ASM_Group,"We welcome PP Sunil Acharya, India Head- Education, Amazon Web Services, as an Eminent Speaker to the World Student Innovation Summit – Launch Event on 2nd October 2020.

Register at: https://t.co/JO4f4vqm5s

#ASMA #WSIS #IIT #IAH2020 #IndiaAdmissionHunt2020 #AWS #Amazon https://t.co/uoqWcCO3Xv",1.3112068408401347e+18
3,2020-09-30 07:31:14,chgxxx,"@HarukiKai0628 開さん！ぴこん待ってます😭😭😭😭😭😭😭😭😭😭😭😭😭😭😭😭😭😭😭😭😭😭😭😭

Amazonほしい物リストを一緒に編集しましょう https://t.co/dolHsN83B0 #Amazon",1.3112069579952742e+18
4,2020-09-30 07:33:12,INTsushinsha,"『エコスタイルの挑戦―2030年までまだまだ必要、太陽光発電投資』Kindle版
https://t.co/Cmwdv0kza2
#amazon #電子ブック #Kindle #自然エネルギー #エコ #電力 #発電",1.3112074537997926e+18
5,2020-09-30 07:30:02,YabRock,United Abominations / #Megadeth https://t.co/JTi3Li9Hjo #HardRock #HeavyMetal #アマゾン #Amazon #AmazonJP,1.3112066540677038e+18
6,2020-09-30 07:30:32,yuki_nagase,"【ローション】ベスト10
TENGA テンガ PLAY GEL RICH AQUA プレイジェル リッチアクア【潤いたっぷりで、長時間プレイに最適なもっちりローション】
https://t.co/V3dOrxzf2Q #Amazon",1.3112067812221379e+18
7,2020-09-30 07:30:29,creativemm12,"#AVIDLOVE の Avidlove SLEEPWEAR レディース US サイズ: Large カラー: レッド
https://t.co/GLlr24Hkul 
#autofollower
#promotion
#amazon
#Titans
#Mariah #Carey
#利物浦",1.311206767884288e+18
8,2020-09-30 07:30:11,yuki_nagase,"【ローション】ベスト10
【第2類医薬品】ヒルマイルドローション 60g
https://t.co/uPb5ZztOHk #Amazon",1.3112066936367268e+18
9,2020-09-30 07:30:27,yuki_nagase,"【ローション】ベスト10
Tiara(ティアラ) プロ 600ml
https://t.co/cOuRphTUfH #Amazon",1.3112067593446973e+18
10,2020-09-30 07:30:09,chollosyoferta,"#Chollo #Amazon Samsung GX SM540SM Media Box Lite HD+   Receptor satélite (HD+, DVB S/ S2, HDMI, mediatecas, Soporte Wi Fi), Color Negro

Reacondicionado: 8,16

    👇👇👇👇👇👇👇
👉 https://t.co/34U5MttWyR https://t.co/3LT9JnmdbY",1.311206683390161e+18
11,2020-09-30 07:29:16,Suckkitslow,⁦@Ch0colatThunda⁩       Upgraded G-spot Vibrator Waterproof Rechargeable 3 Motors Dildo Vi... https://t.co/7vRSqs4Wgz #Amazon,1.3112064610625372e+18
12,2020-09-30 07:31:46,TheInStockRoom,"***New Deal***
Swanstone SS0369602.050 Solid ...
Reduced from $883.03 to $476.04
https://t.co/XvWhFWpYh8
#Deals #newDeals #Amazon https://t.co/dqOFFhH7hv",1.3112070918273556e+18
13,2020-09-30 07:30:02,amazon_rankinQ,"【パソコン用キーボード】
HUAWEI Smart Magnetic Keyboard (For MatePad 10.4) 純正 タブレット用キ...
￥9,444
https://t.co/ljvvpSlhn2
#amazon",1.311206656773038e+18
14,2020-09-30 07:31:26,OditaTrust,"Great works of #Odisha art like #Pattachitra available @amazonIN #Amazon 👍🏻

Dear @AmazonHelp, 
Please update the spelling of “Odisha” state (from Orissa) 🙏🏻
Will be great if you replace the old spelling with the new for all Odisha products on your platform. https://t.co/6DzVQh0PJF",1.3112070066953544e+18
15,2020-09-30 07:30:34,CHEMELIONBYCW,#Download my New Single #TooLate https://t.co/YZTXCsYMY9 on #Amazon,1.311206791871705e+18
16,2020-09-30 07:32:35,XperienceDope,"Blasting Farruko, Bad Bunny &amp; Rvssian - Krippy Kush right now on Pretty Dope Xperience Radio aka #BlackPandora

listen now and catch a wave!! https://t.co/VqKFopeoex  #nowplaying #np #RT  #NowStreaming #Streema Download Now #Alexa #GooglePlay #iOSAppStore #Amazon #",1.3112072978137539e+18
17,2020-09-30 07:31:07,bmurphypointman,#digitalmarketing #marketing #amazon #affiliateprogram Save Big on Airport Parking. Search and compare the best rates on airport parking. Never overpay for your parking again. Check airport parking on https://t.co/Hk21gwU6Ai,1.3112069279306588e+18
18,2020-09-30 07:29:36,StickAForkInYou,"1080P Dual-Lens Endoscope, DEPSTECH Borescope with 4.5in IPS Scree... https://t.co/vJB5Bxnywp #Amazon",1.3112065470248714e+18
19,2020-09-30 07:30:00,Tarrako1162,"🔥CHOLLO! #Amazon | #Industria

📢ELEGOO MARS #Impresora 3D UV Fotocurado con 3.5"" Pantalla Táctil Inteligente de Color Impresión Fuera de Línea 115mm(L) x 65mm(W) x 150mm(H) 

   ❌ Antes: 399,00€
   🔥 PRECIO OFERTA: 190,00€🔥 -52%
   🔰 Enlace: https://t.co/wXS3ujWd2P https://t.co/PINGoHK4bl",1.3112066480657777e+18
20,2020-09-30 07:31:16,kkt_ch,ケツの芋っす https://t.co/7zVkLqUwZL #Amazon,1.3112069672688968e+18
21,2020-09-30 07:31:09,rakten_kaden_,"09/30 16:31

スライヴ(THRIVE) MD-4220 [フット
【楽天】7080円
【Amazon】7495円

★楽天で購入すると★
 415円 お得（お得率6％）

↓お得な情報を一覧で確認出来るサイト
https://t.co/kMQYxgL6Rh

#楽天市場 #Amazon #お得 #せどり https://t.co/BDQXwu83jd",1.311206935681663e+18
22,2020-09-30 07:30:16,yuki_nagase,"【ローション】ベスト10
クリアローション 2Lペットボトル ソフトタイプ 業務用ローション│潤滑ゼリー 潤滑ローション マッサージ用ローション ヌルヌル
https://t.co/Z4yG59mrMT #Amazon",1.3112067155561144e+18
23,2020-09-30 07:29:19,massman_jeanna,Enter to #Win a #Amazon #GiftCard and Face Mask from @KUAddicts!  https://t.co/CvPgZMY2P5,1.311206477088977e+18
24,2020-09-03 18:26:48,LenovoLegion,"Lenovo Legion x @PlayApex
Now is your chance to rise above the rest. 
Unmatched performance, purposeful engineering, modern design.
Gear up with a machine as savage as you are.
Stylish outside.
Savage inside.",1.301587465258578e+18
25,2020-09-30 07:30:42,yuki_nagase,"【ローション】ベスト10
アトピタ保湿全身ローション詰替え用 250ml
https://t.co/xnKowhC9zz #Amazon",1.3112068250358497e+18
26,2020-09-30 07:31:54,TechAccountants,"Amazon One: Palm scanner launched for 'secure' payments
https://t.co/iojlrCd7LY
#Amazon #Tech #Future",1.3112071257047368e+18
27,2020-09-30 07:31:22,wwwmanymerrycom,#am͜a͉zon ストア https://t.co/3UUNIdUpqN で、上品なカラーを揃えた #ニット をお買い得なプライスで数量限定販売中です。#スイスコットン #ピマコットン #イタリア糸 を使用した #上質ニット を是非この機会に…#セーター #編み物 #手編み #かぎ針 #ニットカフェ C,1.3112069934623498e+18
28,2020-09-30 07:31:35,ChibaZoo,"ハナグマ用のラタンボール。ラタンだけだと直ぐに潰されてしまうので、ロウ付けで作った金属フレームにラタンを巻き付ける作戦です。このラタン巻き付けの「おもちゃ作りイベント」をみなさんと行いたいと思っています。引きつづき材料のご寄付をお待ちしております。(副)
#千葉市動物公園　#Amazon https://t.co/pYnoNPrlcb",1.3112070478456955e+18
29,2020-09-30 07:31:52,CoolDealCA,"💲💰
Swanstone SS0369602.050 Solid ...
Reduced from $883.03 to $476.04

# #Deals #new #Deals #Amazon  #Deal #ganga

 https://t.co/Apojai8xO6 https://t.co/UsCdqmOXDu",1.3112071162297508e+18
30,2020-09-30 07:30:05,lbokobza,"Après FaceID, HandID ? #biometrics #Amazon Amazon One lets you pay with your palm https://t.co/ngGqcwysyi https://t.co/KBpF7S92zb",1.311206668986921e+18
31,2020-09-30 07:30:38,chollosyoferta,"#Chollo #Amazon 85% DESCUENTO Comair 7001186 Airstyler Duo   Motor de corriente continua (19/23 mm, 450 W, 230 V)

Precio original: 28,41
Precio oferta: 21,9
Reacondicionado: 4,12

    👇👇👇👇👇👇👇
👉 https://t.co/nSva0yBD5v https://t.co/idQtHZdRMA",1.311206805767426e+18
32,2020-09-30 07:31:16,ferielyasmina,Feeling like we are at the gate of #minortyReport where are all tracked and watched 24/7 #FacialRecognition #palmEpayment #amazon #google #alibaba #tesla #spaceX https://t.co/JKYHzJApYJ,1.3112069675710996e+18
33,2020-09-30 07:29:55,tmsl_info,"バイオフィッター・ハイドロテックがお買い得 ...
https://t.co/URnN3H4U7K
#Amazon #タイムセール",1.311206627991679e+18
34,2020-09-30 07:33:10,gioprattichizzo,"#Amazon ha presentato #AmazonOne, una nuova #tecnologia che permette di utilizzare palmo della mano per effettuare i pagamenti. Questo nuovo sistema si avvale di un dispositivo in grado di riconoscere la mano e quindi validare la transizione https://t.co/AmmK18L81Y via @voxdotcom",1.311207446426288e+18
35,2020-09-30 07:30:00,ZHindustanTamil,"உங்களுக்கு டெய்லரிங் தெரியுமா?... இதோ E-டெய்லர்களுக்கான 1 லட்சம் வேலை வாய்ப்பு...

#Tamilnews
#Amazon
#AmazonDeals
#AmazonPrimeVideo

https://t.co/7AoA8LbU5U",1.3112066481999503e+18
36,2020-09-30 07:30:37,yuki_nagase,"【ローション】ベスト10
プロ業務用 フォーピュアローション クリア 360ml ミディアムタイプ PRO-360FC│ペペローション PEPE 潤滑ゼリー ぬるぬるローション
https://t.co/OYpXiNvrl6 #Amazon",1.3112068031919923e+18
37,2020-09-30 07:29:07,XperienceDope,"Blasting Aminé ft. Summer Walker - Easy  right now on Pretty Dope Xperience Radio aka #BlackPandora

listen now and catch a wave!! https://t.co/VqKFopeoex  #nowplaying #np #RT  #NowStreaming #Streema Download Now #Alexa #GooglePlay #iOSAppStore #Amazon #",1.3112064242115338e+18
38,2020-09-30 07:30:48,yuki_nagase,"【ローション】ベスト10
【透&amp;潤】ローション - 日本製 360ML大容量 「良い水溶性＋長時間の潤滑性＋高保湿性」 ラブローション 愛液代用 潤滑ゼリー アダルトグッズ
https://t.co/EWdp3nkQEX #Amazon",1.3112068469175337e+18
39,2020-09-30 07:30:05,sebsto,"Cette semaine, une série de 3 vidéos 📽 en 🇫🇷 pour parler fédération d'identités avec #AWS #Amplify et #Amazon #Cognito
1. Les bases https://t.co/jeP9famgIC
2. Login with Facebook en #React et #iOS https://t.co/65NMhJfdQr
3. Signin With #Apple et Cognito Custom Auth (vendredi) https://t.co/TCJkYgdlik",1.3112066692637942e+18
40,2020-09-30 07:30:47,bigdata_insider,"Aufbau automatisierter Prognose-Fähigkeiten mit @awscloud Lake Formation und #Amazon Forecast, Teil 1 https://t.co/cVKLMgFtYW #tutorial #BigData",1.3112068446653358e+18
41,2020-09-30 07:30:01,yuki_nagase,"【ローション】ベスト10
超ヌルヌル　エモーションタイプ！ＳＯＤローション　エモーションタイプA　１８０ｇ【2個セット】
https://t.co/43XnqlTZdv #Amazon",1.3112066498566226e+18
42,2020-09-30 07:30:37,reinadellowcost,"🌟 [𝗟𝗮 𝗿𝗲𝗶𝗻𝗮 𝗱𝗲𝗹 𝗟𝗼𝘄𝗰𝗼𝘀𝘁] 🌟

🔊 Licuadoras Para Verduras y Frutas Velocidad, AICOK Licuadora Prensado Frio Extractor de Zumos A #amazon

🌍 Enlace: https://t.co/i8dCqv8O2e

Te esperamos en telegram: https://t.co/Jxndx9pJCJ https://t.co/SXxk9TAy4g",1.3112068015773123e+18
43,2020-09-30 07:31:35,rewisormag,"Tu palma de la mano será tu tarjeta de crédito. Amazon quiere innovar con esta tecnología que descarta el escáner facial o la huella dactilar.

#Amazon #EEUU #Capitalismo https://t.co/hxWjGvIrE5",1.3112070467049677e+18
44,2020-09-30 07:30:21,yuki_nagase,"【ローション】ベスト10
【現役AV女優が監修】 潤滑ゼリー ローション 女性用 潤滑剤 うるおい 大容量 150g
https://t.co/SnfFmpFhXo #Amazon",1.3112067375343124e+18
45,2020-09-30 07:29:36,chollosyoferta,"#Chollo #Amazon 70% DESCUENTO Campagnolo ERGOPOWER Chorus EPS mandos 11 v, Unisex Adulto, Negro

Precio original: 248,99
Precio oferta: 241,69
Reacondicionado: 72,28

    👇👇👇👇👇👇👇
👉 https://t.co/pz05acIfDi https://t.co/0MEg1L0owZ",1.3112065453178634e+18
46,2020-09-30 07:30:06,yuki_nagase,"【ローション】ベスト10
ウォッシュフリーローション 1Lパウチ│後始末簡単 水洗い不要ヌルヌルローション、業務用ローション 潤滑ゼリー 潤滑ローション マッサージ用ローション
https://t.co/56h2quOwcl #Amazon",1.3112066716627354e+18
47,2020-09-30 07:30:08,LSPRLondon,"Amazon launches Luxury Store experience with Oscar De la Renta as their first partner. The aim of this initiative is to make the entire shopping experience delightful and easy.

More info : https://t.co/8ILXT3DBvd

#luxuryshopping #platform #Amazon",1.3112066808148541e+18
48,2020-09-30 07:31:51,dmtoft,"Suicide bombers have become a renewable resource, but who is buying their souls, and why?

A roller coaster ride of a book. Well-written and full of twists. – #Amazon review

UK https://t.co/ejuuEmLbC3

USA https://t.co/r1xs4c5nMh",1.31120711497984e+18
49,2020-09-30 07:30:36,OnlyGearBest,"🌟 [𝗢𝗻𝗹𝘆 𝗚𝗲𝗮𝗿𝗯𝗲𝘀𝘁] 🌟

🔊 Licuadoras Para Verduras y Frutas Velocidad, AICOK Licuadora Prensado Frio Extractor de Zumos A #amazon

🌍 Enlace: https://t.co/TSkXociSb0

Te esperamos en telegram: https://t.co/mPaN5u2fFj https://t.co/QPBM59OMs1",1.311206797617791e+18
,date,screen_name,tweet,tweet_id
0,2020-09-30 07:28:22,ja_gonzalez49,"LA CALMA Y EL VIENTO...
Una novela llena de encanto y sensibilidad.
Una historia real que te cautivará. 
El derecho a progresar y a ser feliz, vívelos junto a esta familia tan humana y llena de voluntad y coraje.
 #Amazon, lee gratis en #KindleUnlimited

https://t.co/IydcNsN9VD https://t.co/r59tf2Xxc0",1.3112062361683763e+18
1,2020-09-30 07:26:35,DhrubRaaj,"Microsoft 365 Personal | 12-Month Subscription, for 1 Person (Activation Key Card) https://t.co/LzrjOc3aXO Shop for Computer Software at the #Amazon.in https://t.co/RwNZS19tJk",1.3112057859517686e+18
2,2020-09-30 07:23:00,DevanshDigital,"Online shopping for Atta and Flour Store on Pantry: Grocery &amp; Gourmet Foods at https://t.co/4xUANtdsES 

https://t.co/0j62dkJGGt via @amazonIN 

#Amazon #AmazonPantry #Grocery #Gourmet #Foods #Atta #and #Flour #Store #Pantry #AttaStore #FlourStore",1.3112048854680453e+18
3,2020-09-30 07:21:50,Saipaannana,"#Amazon เปิดตัว #AmazonOne เครื่องตรวจสอบตัวตนลูกค้าด้วยฝ่ามือก่อนเข้าร้านหรือสถานที่ | Blognone https://t.co/1xVvv51E4H
#AmazonGo
#ComputerVision",1.3112045915104502e+18
4,2020-09-30 07:26:35,DhrubRaaj,"BYJU'S Class 11+12 (PCM) JEE Preparation - 7"" Tablet (Tablet) https://t.co/7wRpIL4H3c Shop for Computer Software at the #Amazon.in https://t.co/RwNZS19tJk",1.3112057890009702e+18
5,2020-09-30 07:27:32,seika_hikaku,#ロールケーキ を安く買いたいなら #cotta #富澤商店 #楽天 #amazon https://t.co/QNRkA99Jn2,1.3112060285626737e+18
6,2020-09-30 07:26:08,rakten_kaden_,"09/30 16:26

《レビューを書いたら洗濯ネットプレゼント》洗濯機 
【楽天】20980円
【Amazon】22500円

★楽天で購入すると★
 1520円 お得（お得率7％）

↓お得な情報を一覧で確認出来るサイト
https://t.co/kMQYxgL6Rh

#楽天市場 #Amazon #お得 #せどり https://t.co/56RWJc1Tw5",1.3112056758259876e+18
7,2020-09-30 07:24:18,manishnajkani1,"#AmazonQuiz @manishnajkani1 
i played Mi Watch Quiz at Amazon Funzone Quiz on Amazon App &amp; eligible to Win Redmi 9A Smartphone.
Thank You #Amazon @amazonIN 
#AmazonGreatIndianFestival #AmazonDeals #amazondevices #AmazonPrimeVideo #QuizTimeMorningsWithAmazon https://t.co/KjFpPlN4OY",1.3112052121581937e+18
8,2020-09-30 07:26:51,ja_gonzalez49,"LA CALMA Y EL VIENTO... 
La historia real de una familia salmantina que llega a Madrid en 1929 huyendo de la pobreza.
Entrañable y emotiva, los episodios de la Guerra Civil son fieles a la realidad de los hechos.
#Éxito #Amazon 
Gratis en #KindleUnlimited
https://t.co/IydcNsN9VD https://t.co/hojc4aMadQ",1.3112058543021466e+18
9,2020-09-30 07:21:53,kay_bee_1,https://t.co/3b0bBN5pN3 #marketing #entrepreneur #business #affiliatemarketing #money #branding #makemoneyonline #motivation #makemoney #entrepreneurship #digitalmoney #love #success #cpa #socialmedia #amazon #entrepreneurlife #digitalmarketing #cashflow #hustle #bitcoin #startup,1.3112046053977375e+18
10,2020-09-30 07:23:09,hsclarkmystery,"Top book reviewer E.A. Gray does a video review of IMMORTAL FEAR: A Medical Thriller, a Dr. Powers Mystery. https://t.co/xkZYMp94z7 #amazon #twitter https://t.co/jGXTBrJ891",1.3112049243830026e+18
11,2020-09-30 07:27:59,OfertacularRL,"‼️PRECIAZO‼️ 👁‍🗨 #cholloshot #Amazon #chollo #oferta #ganga

⚫️ HAWKERS Faster Gafas de sol Unisex Adulto

🛒: ➡️ https://t.co/LY6seXZEdX ⬅️

🟢 https://t.co/SdTO2TTDka https://t.co/LSnea08uiP",1.3112061399594107e+18
12,2020-09-30 07:28:01,review_yuki,WoW!me（ワオミー）で「あなたの商品・作品にレビューします♪」の出品をしています！ https://t.co/DkNiwS6Ut9 #ワオミー #Amazon #楽天 #Yahoo,1.3112061493083382e+18
13,2020-09-30 07:26:28,NithinRavi12,#Amazon orders are taking too much time to dispatch these days !! #asus #AmazonIndia #AmazonPrime,1.311205757988139e+18
14,2020-09-30 07:25:08,SolTaylorRdL,"‼️YA DISPONIBLE‼️ El placer del engaño By: @KristelRalston 

Descubre la historia de Dimitri y Sienna 😍

#Amazon ➜ https://t.co/g0nov7iElv

#IARTG #romance #kindle #KindleUnlimited #romantica #erotica #amor #BestSeller #eBooks #writingcommunity https://t.co/92aP5sljNH",1.311205423018578e+18
15,2020-09-30 07:26:27,MsCarolsueA,Enter to win a $10 #Amazon #giftcard and find out more about NO MORE SECRETS #WomensFiction #NewRelease https://t.co/1RuW3sUcwW,1.3112057540497654e+18
16,2020-09-30 07:27:48,Smcwrpgs7RCQMmw,"私たち自身の青春の曙光のなかで燦然と輝く。すると、こうしたシーンが現実化されるのを見たい——虹をつかみたいという憧れに苦しむことになる。

幸福について (光文社古典新訳文庫) https://t.co/OjbykDRmqF #Amazon",1.3112060955960893e+18
17,2020-09-30 07:22:42,mangiKh,"Who will win the race of #retail &amp; online #ecommerce business in #india

1. #Amazon 
2. #Tata - #walmart - #flipkart
3. #Reliance-#google- #facebook

#startupindia #bengaluru #mumbai #delhi #pune #hyderabad #kolkata",1.3112048089429688e+18
18,2020-09-30 07:22:05,jvl6,"Last Chance! Would you like to win a $50 Amazon Gift Card or PayPal Deposit? Check out this easy entry Gleam giveaway for a chance to #WIN

Open Worldwide

@GooseGiveaways #wingiftcard #wincash #amazon #paypal #winmoney #sweepstakes #giveaways https://t.co/G4MJJPP3MI",1.3112046535861453e+18
19,2020-09-30 07:25:19,StickAForkInYou,N NIFVAN Heated Hoodie with 7.4V Battery Pack for Men Women Full-Z... https://t.co/6A5fF4uRLe #Amazon,1.3112054709342372e+18
20,2020-09-30 07:22:59,EscribeCatalina,"#QueLeer #YoLeo #Autopublicación en #Amazon 
RT🔹Ázdeli Lidot... y el jinete del unicornio 🔷
🔘https://t.co/UmZgEtuaWU     

Ven a #leer mis #libros en #KDP #KindleUnlimited #LecturasDeOtono #CadaFamiliaUnaEscuela #Novelajuvenil #LibrosJuveniles #KatyNúñez #SerMejorQueAyer #Hoy https://t.co/XiTUCmCPIS",1.3112048798310523e+18
21,2020-09-30 07:24:26,TTKoh,"Mortal Kombat X Vol. 1: Blood Ties https://t.co/JpKmS56NJC #Amazon
コミック版はこれ。",1.3112052468619346e+18
22,2020-09-30 07:26:36,DhrubRaaj,"Quick Heal Total Security Latest Version - 2 PCs, 3 Years (DVD) https://t.co/fYg86e2QBY Shop for Computer Software at the #Amazon.in https://t.co/RwNZS19tJk",1.3112057912365343e+18
23,2020-09-30 07:24:15,hispachollos,"🌀 Signal - Pasta de dientes Protección Anticaries - Flúor Calcio - 75 ml (8678590). #Amazon 🇪🇸

💶 Precio oferta: 1€ 💥 (PVP normal: 1,39€)

💳 Enlace: https://t.co/pC7wRPDTxM

✨ 30 días gratis de Amazon Music Unlimited : https://amzn.t ...
https://t.co/wY7p1Qi8dH
#chollo",1.3112051986401526e+18
24,2020-09-30 07:27:56,ja_gonzalez49,"#Rt y #Leer LA CALMA Y EL VIENTO... 
Una novela que llega al corazón.
Sencilla, pero entrañable... 
Una historia tan real como inolvidable.
Éxito de ventas en #Amazon
@ja_gonzalez49
Adquiérela en estos links:
📌https://t.co/IydcNsN9VD (kindle)
📌https://t.co/HbSBwgNNeP (en papel) https://t.co/aqJS8C1KH6",1.3112061258874634e+18
25,2020-09-30 07:28:44,EscribeCatalina,"Rt @EscribeCatalina 
#30Septiembre #Otono2020 #Amazon
 No dejéis de #leer las #novelas de #KatyNúñez, os encantarán. 

https://t.co/TKkrrk7aeM …

🥀‘Madison... y el amor’ 
💗https://t.co/LspyQM9KNe 

 💎https://t.co/UmZgEtuaWU 

https://t.co/4Qrdfi7QUq … https://t.co/mW1WpqVb7Y",1.3112063273650463e+18
26,2020-09-30 07:25:37,cholloofertas,"BUEN DESCUENTO  #Amazon

My Arcade Retro Machine - 200 Juegos Vintage (8 Bit)

 Antes: 26,85€
 PRECIO OFERTA: 16,32€
 Ahorras: -10,53€ (39%)

     Enlace: https://t.co/fYNqSj7HcT

 Más en https://t.co/nQjbdDXUA6 https://t.co/pc3AnH8849",1.3112055440872448e+18
27,2020-09-30 07:23:02,CKInformatique,"Les SSD #Samsung se montrent en vente chez #Amazon :

https://t.co/1pHK5YXKAd

@SamsungFR",1.3112048958072054e+18
28,2020-09-30 07:24:26,ochi_jpn,"マナブさんの本📚が発売されてます😄
「億を稼ぐ積み上げ力」。
もう読了しております☺️
#読書好きと繋がりたい
https://t.co/zamkzpu6sq #Amazon",1.3112052478139965e+18
29,2020-09-30 07:21:50,_mis_ter_e_,"Make #Superman LEGO portraits !!

#HenryCavill #christopherreeve #batman #benaffleck #dcfandome #JusticeLeague #JusticeLeagueSnyderCut #JusticeLeagueTheSnyderCut #amazon #kindle #kindlebooks #kindleunlimited #dccomics
https://t.co/wzwkCq8iGR",1.3112045910322463e+18
30,2020-09-30 07:25:31,XperienceDope,"Blasting Brasstracks, Masego, Common - Golden Ticket  right now on Pretty Dope Xperience Radio aka #BlackPandora

listen now and catch a wave!! https://t.co/VqKFopeoex  #nowplaying #np #RT  #NowStreaming #Streema Download Now #Alexa #GooglePlay #iOSAppStore #Amazon #",1.3112055181915382e+18
31,2020-09-30 07:25:00,shadowconn,"How to Write Funny: Your Serious, Step-By-Step Blueprint For Creating Incredibly, Irresistibly, Successfully Hilarious Writing #amazon #comedy https://t.co/lSoNiDSxCf",1.3112053881765028e+18
32,2020-09-30 07:27:25,ja_gonzalez49,"LA CALMA Y EL VIENTO...
Una novela llena de encanto y sensibilidad.
Una historia real que te cautivará. 
El derecho a progresar y a ser feliz, vívelos junto a esta familia tan humana y llena de voluntad y coraje.
 #Amazon, lee gratis en #KindleUnlimited

https://t.co/IydcNsN9VD https://t.co/09O6zAO6nd",1.311205996879061e+18
33,2020-09-30 07:24:27,eGlGfwGNcUXqxIt,"今日、昼頃から？Amazonにてアカシアを３倍近いお値段で転売してる業者がいるようです…。皆様、お気をつけて!!定価は2,200円ですよー!!
#BUMPOFCHICKEN 
#アカシア 
#Amazon https://t.co/719VAiRoMj",1.3112052501586084e+18
34,2020-09-30 07:25:07,tmsl_info,"【限定数: 100 残: 85】【最先端Bluetooth5.1&amp;瞬時接続】 Bluetooth イヤホン 自動ペアリング HiFi高音質  ...
セール特価: ￥2,980 
OFF: ￥1,000 (25%)
https://t.co/J63UIPiiwJ
#Amazon #タイムセール",1.3112054190213448e+18
35,2020-09-30 07:26:21,ja_gonzalez49,"#Rt y #Leer LA CALMA Y EL VIENTO... 
Una novela que llega al corazón.
Sencilla, pero entrañable... 
Una historia tan real como inolvidable.
Éxito de ventas en #Amazon
@ja_gonzalez49
Adquiérela en estos links:
📌https://t.co/IydcNsN9VD (kindle)
📌https://t.co/HbSBwgNNeP (en papel) https://t.co/zlOsDj2M01",1.3112057304275804e+18
36,2020-09-30 07:25:03,Lapequenaasia,"Beurer BS59  Espejo maquillaje con luz LED, con brazo para pared, 2 espejos en 1, 1 cara vista normal, 1 cara con aumento x5
Precio: 3️⃣3️⃣€
#Amazon

👉https://t.co/K2rSGidQHU https://t.co/B1NTL2u1fZ",1.31120540070076e+18
37,2020-09-30 07:28:45,DevanshDigital,"Amazon Brand - Vedaka Refined Wheat Flour (Maida), 1kg by #Vedaka 

https://t.co/2GPFhV58X9 via @amazonIN 

M.R.P.:₹ 65.00
Price:₹ 50.00 Pantry badge
You Save:₹ 15.00 (23%)
#Amazon #AmazonPantry #AmazonBrand #WheatFour #Maida #Refined #Flour",1.3112063318612255e+18
38,2020-09-30 07:26:23,DevanshDigital,"Amazon Brand - Vedaka Sooji, 500g by Vedaka 

https://t.co/uQKLD3MnoF via @amazonIN 

M.R.P.:₹ 40.00
Price:₹ 30.00 (₹ 60.00 / kg) Pantry badge
You Save:₹ 10.00 (25%)
#Amazon #AmazonPantry #Vedaka #Sooji #500g #Flour",1.3112057390299628e+18
39,2020-09-30 07:26:34,DhrubRaaj,AVG Ultimate (Unlimited Devices | 1 Year) + AVG Antivirus for Android - Pro (1 Device | 1 Year) https://t.co/jJWfcEe3ET Shop for Computer Software at the #Amazon.in https://t.co/RwNZS19tJk,1.3112057820594708e+18
40,2020-09-30 07:27:55,siminko,The #lightworker #sweatshirt now on your local @amazon 🇺🇸🇬🇧🇮🇹 search #coraggiouk and keep #bringinthelight #lightworkerslounge #light #reiki #yoga #meditation #healer #healing #wellness #kid #men #women  #spiritual #spirituajourney #amazon #amazonfinds #amazonprime #healtheworld https://t.co/G1Vg6zVxru,1.311206123513557e+18
41,2020-09-30 07:28:13,chollosyoferta,"#Chollo #Amazon 73% DESCUENTO Schöffel ZipIn Adamont2 Chaqueta, Hombre, Princess Blue, 48

Precio oferta: 198,79
Reacondicionado: 52,7

    👇👇👇👇👇👇👇
👉 https://t.co/L0pi0vIDi4 https://t.co/9mqK4bWCVf",1.3112062003364372e+18
42,2020-09-30 07:21:18,Itsmeshree03,"@FinservMARKETS Hope to win

 #Unlock #contest #Amazon 

@FinservMARKETS",1.3112044590499594e+18
43,2020-09-30 07:27:14,CoraggioUk,The #lightworker #sweatshirt now on your local @amazon 🇺🇸🇬🇧🇮🇹 search #coraggiouk and keep #bringinthelight #lightworkerslounge #light #reiki #yoga #meditation #healer #healing #wellness #kid #men #women  #spiritual #spirituajourney #amazon #amazonfinds #amazonprime #healtheworld https://t.co/XMYc6VIqtj,1.3112059505696276e+18
44,2020-09-30 07:25:35,cholloofertas,"BUEN DESCUENTO  #Amazon

JBL GO 2 - Altavoz inalámbrico portátil con Bluetooth, resistente al agua (IPX7), hasta 5 h de reproducción con sonido de alta fidelidad, gris

 Antes: 34,99€
 PRECIO OFERTA: 23,90€
 Ahorras: -11,09€ (31%)

     Enlace: https://t.co/KwAGREHkrD

 Más… https://t.co/ISTNW64p8s",1.3112055342053458e+18
45,2020-09-30 07:27:05,ofertas_es,"New post in https://t.co/dQZHfp1OMw: Bolso bandolera Napapijri
Hoy:  14,81€
 https://t.co/n8mNs3GtnF

#Amazon #AmazonPrime #prime #Chollo #Chollometro #Michollo #descuento #oferta https://t.co/P5wz1Pk1jp",1.3112059137228431e+18
46,2020-09-30 07:29:00,AmazonxTshirts,"There's nothing smart about you, Joe. Presidential Debate T-Shirt

Available on #Amazon
10 colors All sizes
Order: https://t.co/DBP4CDdham 👈

#Debates2020 #trump #debates #Debate2020 biden #DebateTuesday #biden #trump2020 #PresidentialDebate2020 https://t.co/Ra2jDQWFha",1.311206395048538e+18
47,2020-09-30 07:25:02,JohnLetterPh,"Certo, chi non conosce la Lista Nozze?
Lo sapevate che #Amazon ha creato la #ListaNascita con sconti sui prodotti fino al -20% ? E tra un po' arrivano i #PrimeDay2020 !!!
Per creare una Lista Nascita su Amazon usate questo link 👉 https://t.co/B9QZrnmR62 https://t.co/KQu111njpY",1.3112053970139668e+18
48,2020-09-30 07:23:01,RachelAbbott,CRIMINALLY GOOD OFFER! #lovebooks #lovereading Get a copy of my psychological crime thriller And So It Begins while it’s in an #Amazon deal for just 99p! https://t.co/iZ4wAlegAf https://t.co/rTsZSGgdM3,1.3112048909417185e+18
49,2020-09-30 07:22:11,J_Jitendra06,"https://t.co/Bbi8is4YCI

#realme #RealmeNarzo20A #RealmeNarzo20Asale #Flipkart #Amazon #livesale #newlylaunchedsmartphones #realme20A #narzo20A #narzoseries  #smartphones #newlylaunched #mobilphones #Mobile #gadgets360 #reviews #91mobiles #gsmarena #gadgetsnow",1.311204682182742e+18
,date,screen_name,tweet,tweet_id
0,2020-09-30 07:18:55,FStaeritz,"Watch out #ElonMusk and #SimonSinek 😊 Our FightBack Now book is ranked top 3 in #Entrepreneurship in Germany right now because of pre-orders coming in! 🎉
✨Just 2 more days until the book is released
https://t.co/FJK56vRzkz  @s_jungmann 
#bookrelease #amazon #bestseller #author https://t.co/H7MHxo5vBC",1.3112038603635794e+18
1,2020-09-30 07:15:37,VivekGo78524676,I played this interesting Quiz on Amazon https://t.co/xTluc7DgPn #Amazon,1.311203028381311e+18
2,2020-09-30 07:18:50,creativemm12,"👉https://t.co/E10l0k5pab #amazon👈
💯👉Auto Follower👈💯
💯👉#自動相互フォロー👈💯

#followtrick
#Yankees
#Eric #Trump
#White #Sox
#フォロバ100パーセント
#TeamFollowBack
#1000ADay
#followermachine
#f4f
#RT企画
#bts
#seventeen",1.3112038389137285e+18
3,2020-09-30 07:16:33,Wtokino,"@mb_otp モデルしてる姉に勧められてからハマってるのはこれ

ニベア クリームケアボディーウォッシュ ヨーロピアンソープポンプ 480ml https://t.co/OA4cNUgnkv #Amazon",1.3112032613370675e+18
4,2020-09-30 07:16:24,savesoodeals,"Savesoo:
New Hot Giveaway
Maxuni Perche Selfie，Selfie Stick Trépied avec lumière réglable
FR only! FREE products!
Get FREE now: https://t.co/DgGlunapIv
Full Refund after Review
PM me if interested
#Amazon #Deals #Discounts #coupon #Freebies #giveaway with https://t.co/F0X3XzYlrb https://t.co/rCylLY1Z91",1.311203224108626e+18
5,2020-09-30 07:17:39,ponten101582,"バーテープをチェレステにしよう(してもらおう)かなと思って探してる最中に心打たれる物に出会ってしまった…🥺

ポケマル(POKEMARU) にゃ~テープ ブラック/ホワイト肉球 POK-L-CATPAWS-BK ブラック/ホワイト https://t.co/dArE4nhfRI #Amazon",1.3112035391341978e+18
6,2020-09-30 07:19:50,bee08287178,"beeアシストはAmazonFBA納品代行サービスを行なっております。お問い合わせ、お見積もりお気軽にお尋ね下さい。

#Amazon #せどり #納品代行 #FBA",1.3112040888565514e+18
7,2020-09-30 07:20:00,Tarrako1162,"🔥CHOLLO! #Amazon | #Belleza

📢Dolce &amp; Gabbana, Agua de perfume para mujeres - 50 ml. 

   ❌ Antes: 91,50€
   🔥 PRECIO OFERTA: 48,92€🔥 -47%
   🔰 Enlace: https://t.co/U2d5nkUYt2 https://t.co/N89HKOkYZo",1.3112041300865597e+18
8,2020-09-30 07:19:45,FrancescoParis8,"#Amazon #MadeInItaly 
Colonnina Porta Gel Igienizzante in Acciaio Inox
realizzata da azienda di Latina a 100 euro
https://t.co/BHunartJGs https://t.co/4AoNMl7Snq",1.311204067981525e+18
9,2020-09-30 07:20:03,chicachick_2,"EMBRUXA-DOS de @miguel_gacio
📱https://t.co/7oVNn5CVfL
📖https://t.co/OYxPiQwaJl
@Edicirculorojo
📚https://t.co/LcybQLuSXI
Historia que cierra el círculo iniciado por el autor con EMBRUXO
#queleer 
#Amazon 
#KindleUnlimited 
#libros 
#leer 
#writers 
#booklovers https://t.co/Qfk5V3iTbH",1.311204142510203e+18
10,2020-09-30 07:18:10,ians_india,"Adding to its ever-growing range of services, @amazon has now introduced a virtual tourism service called Amazon Explore.

It is an interactive live-streaming service that lets people learn, shop &amp; discover new places from the comfort of their home, #Amazon said on Tuesday. https://t.co/paas4VFHPq",1.3112036691409388e+18
11,2020-09-30 07:18:05,MonicaP94602879,"🚫 Nothing works in #Amazon without keywords 🚫 But how do sellers get off to a good start?🚀 This week, we present you 5 keyword tools and explain how to successfully use them! ✍️ #ecommerce #AmazonFBA #repricer #repricing #keywordresearch 
https://t.co/t3TXiionCk https://t.co/ckbMHfCQZw",1.311203649612374e+18
12,2020-09-30 07:19:01,BEST300BOT,R.シュトラウス／交響詩《ティル・オイレンシュピーゲルの愉快ないたずら》　【第３位】⇒https://t.co/vZizM5FsDs #amazon #bot 【第７位】ショルティ指揮シカゴso〈75〉⇒https://t.co/16uq8EzOpv,1.3112038824715837e+18
13,2020-09-30 07:18:23,chollosyoferta,"#Chollo #Amazon 77% DESCUENTO Philips Lumea Essential BRI863/00   Depilación con luz (Corriente alterna)

Precio oferta: 239,54
Reacondicionado: 54,54

    👇👇👇👇👇👇👇
👉 https://t.co/C2oimn1MoE https://t.co/QorvVCDtnP",1.3112037240528814e+18
14,2020-09-30 07:17:40,Priyanshu908,"Buy🛍️All Time Dura #Fresh #Plastic #Container Set, 3-Pieces, Orange
Loot_Fast😍@Rs.331🔥Only
CLICK👉https://t.co/1qk1newgFJ
at #Amazon https://t.co/VOycZWHevw",1.311203544519721e+18
15,2020-09-30 07:18:27,XperienceDope,"Blasting Wale, Bryson Tiller - Love (Club) right now on Pretty Dope Xperience Radio aka #BlackPandora

listen now and catch a wave!! https://t.co/VqKFopeoex  #nowplaying #np #RT  #NowStreaming #Streema Download Now #Alexa #GooglePlay #iOSAppStore #Amazon #",1.3112037415557202e+18
16,2020-09-30 07:21:10,franceconomie,#Retail #Paiement #Amazon va bientôt permettre de payer… avec la paume de la main via @pressecitron https://t.co/EnMMuwFqQ8,1.311204424606417e+18
17,2020-09-30 07:15:32,reinadellowcost,"🌟 [𝗟𝗮 𝗿𝗲𝗶𝗻𝗮 𝗱𝗲𝗹 𝗟𝗼𝘄𝗰𝗼𝘀𝘁] 🌟

🔊 TOQIBO Cuerda para Saltar, Comba de Crossfit Alta Velocidad sin Cable Comba de Fitness, Boxeo,  #amazon

🌍 Enlace: https://t.co/dtliyaxQ2H

Te esperamos en telegram: https://t.co/Jxndx9Hkuh https://t.co/fkRaRc82An",1.311203008789635e+18
18,2020-09-30 07:18:38,Designcreateall,どこかひとつのスタイルに居心地良く安住してしまうと自分が腐ってしまうから、常に新しいものが欲しくなる。（松任谷由実） #amazon #design #brand,1.311203787445424e+18
19,2020-09-30 07:16:12,bear_bear_log,"Amazonプライムデーが10/13〜14の2日間で開催✨

AppleAirPodsが出品予告されています💡
めったに値引きのないApple製品。
1.7万円くらいで買えればおトクですね😆
参考にしてもらえれば！

#amazon #Amazon #プライムデー 
#Apple #AirPods 
#ブログ書け #ブログ仲間

https://t.co/Mzy5EEu3ha",1.31120317576491e+18
20,2020-09-30 07:19:29,chollosyoferta,"#Chollo #Amazon Columbia Veloca Vixen Chaqueta, Mujer

    👇👇👇👇👇👇👇
👉 https://t.co/DvhW4LlpAo https://t.co/PtkiD0rlbM",1.3112040003861627e+18
21,2020-11-10 19:27:48,amazon,"Shanika, a leader with the Amazon Future Engineer program, fights for equal access to STEM education. She's committed to providing quality, hands-on learning for all students, no matter their zip code or skin color.",1.3262451923539968e+18
22,2020-09-30 07:16:19,Engr_Sajid_Ali,"#Amazon #JusticeForManishaValmiki
https://t.co/S2uUZuuCTE
#Hathras #JusticeForManisha #นักข่าวชิปเหนื่อยแล้วนะ #ShameOnYouHathrasPolice #HathrasHorror #wednesdaymorning #MercyEkeSweet27 #हाथरस #JISOO #ArmeniaVSAzerbaijan #PresidentialDebate2020 #WednesdayThoughts #हाथरस",1.3112032026422026e+18
23,2020-09-30 07:20:04,karin2780,"みなさんが一度は目にしたり、利用したことがあるAmazon。
プレゼントっていつになっても嬉しいもの。便利だからこそ怖い世の中。詐欺、偽物はいやになる。
それでも誰か手を差し伸べてくれる人っているのかな。

#ほしいものリスト
#Amazon

https://t.co/qOKqOVMQ9J",1.3112041489440727e+18
24,2020-09-30 07:20:03,app_xndr,"GTA IV Cheats app for #kindle #Fire and #FireHD https://t.co/cOuOdThNxK #Amazon September 30, 2020 at 08:20AM",1.3112041424598835e+18
25,2020-09-30 07:20:33,Economiaenllam1,"Gobierno de #Brasil tiene intención de privatizar la compañía postal nacional Correios.
Entre las empresas que pujan por su gestión,tenemos a Mercado Libre representando a #Argentina y #Amazon y Federal Express para #EEUU",1.3112042693166162e+18
26,2020-09-30 07:16:07,rakten_kaden_,"09/30 16:16

ケルヒャー 高圧洗浄機 静音モデル K3サイレント
【楽天】25580円
【Amazon】25778円

★楽天で購入すると★
 198円 お得（お得率1％）

↓お得な情報を一覧で確認出来るサイト
https://t.co/kMQYxgL6Rh

#楽天市場 #Amazon #お得 #せどり https://t.co/oDsoL1RV0i",1.3112031556238295e+18
27,2020-09-30 07:17:58,MaxiChollo,"‍SUPER PRECIO ❗️🔸 #Amazon | #Salud
📣Ganador de Peso y Masa Muscular de HSN | Evomass 2.0 | Weight Gainer: Carbohidratos | Vegetariano, Sabor Chocolate Avellana, 1Kg

 ✅PRECIO OFERTA: 9,09 € 

   ⤵️ Link de compra
   🌐 https://t.co/njCWoHFpMf

Visto en https://t.co/HGTfnxg2wd https://t.co/bTXb9gnrN7",1.311203620835201e+18
28,2020-09-30 07:16:38,creativemm12,"👉https://t.co/WHVMEnnFII #amazon👈
💯👉Auto Follower👈💯
💯👉#自動相互フォロー👈💯

#TeamFollowback
#Astros
#Titans
#National #Coffee #Day
#f4f
#followergenerator
#RT企画
#相互RT
#FollowNGain
#拡散希望RTお願いします
#TFW
#相互フォロー100",1.3112032838312018e+18
29,2020-09-30 07:21:11,easysell_in,"क्या आप नए उपकरण खरीदना चाहते हैं? निकटतम अमेज़ॅन ईज़ी स्टोर से खरीदारी करें और ब्रांड वारंटी के साथ सर्वोत्तम सौदे और वास्तविक उत्पाद प्राप्त करें।

#Easysell #AmazonEasy #Appliances #HomeAppliances #KitchenAppliances #AmazonEasyStore #EasysellStore  #Amazon #Franchise https://t.co/skjKd4DI7Z",1.311204428851028e+18
30,2020-09-30 07:15:49,tmsl_info,"山善(YAMAZEN)のアイテムがお買い得 ...
https://t.co/ySgkxRzab2
#Amazon #タイムセール",1.3112030791491133e+18
31,2020-09-30 07:19:47,fightbackmove,"Just 2 more days until the book is released. Have you pre-ordered your copy yet? 👇
https://t.co/FMy2zCDIlk

#fightbacknow #bookrelease #amazon #bestseller #newnormal #entrepreneur #positivechange https://t.co/vR1PL5awuN",1.3112040754936422e+18
32,2020-09-30 07:18:38,DevanshDigital,"Head &amp; Shoulders , Anti Dandruff Shampoo, Smooth &amp; Silky, 650 ML by #Head &amp; #Shoulders 

https://t.co/haA1ApxxfV via @amazonIN 

M.R.P.:₹450.00
Deal Price:₹442.15 (₹68.02 / 100 ml) Pantry badge
Ends in 11h 14m 15s
You Save:₹7.85 (2%)
#Amazon #AmazonPantry #HeadShoulder",1.311203788942762e+18
33,2020-09-30 07:19:05,proadstudio,"#Borat: Gift of Pornographic Monkey to Vice Premiere Mikhael #Pence to Make Benefit Recently Diminished Nation of #Kazakhstan.

#Amazon plans to release the film before the 2020 presidential election.

https://t.co/szKjiMsNTN",1.3112039019289108e+18
34,2020-09-30 07:16:35,ChollosDescubre,"‍SUPER PRECIO ❗️🔸 #Amazon | #Salud
📣Ganador de Peso y Masa Muscular de HSN | Evomass 2.0 | Weight Gainer: Carbohidratos | Vegetariano, Sabor Chocolate Avellana, 1Kg

 ✅PRECIO OFERTA: 9,09 € 

   ⤵️ Link de compra
   🌐 https://t.co/utIZLq2iC7

Visto en https://t.co/HW2VwUc9d2 https://t.co/4AGs4waHNR",1.3112032710177178e+18
35,2020-09-30 07:15:33,MenudoPaquete,"🌟 [𝗠𝗲𝗻𝘂𝗱𝗼 𝗣𝗮𝗾𝘂𝗲𝘁𝗲] 🌟

🔊 TOQIBO Cuerda para Saltar, Comba de Crossfit Alta Velocidad sin Cable Comba de Fitness, Boxeo,  #amazon

🌍 Enlace: https://t.co/Te6fzJ3lmA

Te esperamos en telegram: https://t.co/IbEojfZpa4 https://t.co/AIXy5Lpaw9",1.311203013109969e+18
36,2020-09-30 07:17:48,CholloLinkES,"‍SUPER PRECIO ❗️🔸 #Amazon | #Salud
📣Ganador de Peso y Masa Muscular de HSN | Evomass 2.0 | Weight Gainer: Carbohidratos | Vegetariano, Sabor Chocolate Avellana, 1Kg

 ✅PRECIO OFERTA: 9,09 € 

   ⤵️ Link de compra
   🌐 https://t.co/U6IOQk4oaZ

Visto en https://t.co/JpQzg3pNYP https://t.co/kgJEVnjLAP",1.3112035764133274e+18
37,2020-09-30 07:18:27,evewin89,"https://t.co/2cWbkA9ac2

#MRP #RS #1200
#OFFER #PRICE: RS.329

#METRO #LIVING
#FLORAL #BEDSHEET
#GEOMETRIC #PATTERN
#REVIEW
#FLIPKART
#AMAZON

#WHICH #BEDSHEET #TO #BUY
#PURE #COTTON #BED #SHEET
#100% #PURE #COTTON
#JAIPUR #BED #SHEET
#JAIPURI #BED #SHEET
#JHOTWARA",1.3112037414213222e+18
38,2020-09-30 07:21:06,federicobo67,"""Il sistema #Amazon One permette di effettuare i #pagamenti attraverso la scansione del palmo della mano."" Probabilmente il futuro prossimo dei pagamenti https://t.co/Px3xSdyBG0 #contactless #Retail",1.3112044068184187e+18
39,2020-09-30 07:20:45,Jiani_Socks_JP,"IGやFBに参加してみませんか？
詳しくはフォローしてください😎

#Jiani #JianiSport
#着圧ソックス #Amazon 
#マラソン #ランニング 
#スポーツ #ソックス 
#ひなた #アマゾン https://t.co/7RetSKBzgK",1.3112043186372485e+18
40,2020-09-30 07:17:57,savesoodeals,"Savesoo:
New Hot Giveaway
Tie-Dye Kit, 32 Colours One-Step Tie-Dye Kits All-in-1 Tie Dye Set with Spray Nozzles
UK only! Free products!
Get Free now: 
https://t.co/Cw7lFUIOHg
PM me if interested
#Amazon #Deals #Discounts #coupon #Freebies #giveaway with https://t.co/3ZFv9wj2t2 https://t.co/YZAgFWTFyB",1.3112036165738455e+18
41,2020-09-30 07:21:08,rakten_kaden_,"09/30 16:21

【クリーナースタンド（ZT-CS27-PU）　おま
【楽天】11000円
【Amazon】11868円

★楽天で購入すると★
 868円 お得（お得率8％）

↓お得な情報を一覧で確認出来るサイト
https://t.co/kMQYxgL6Rh

#楽天市場 #Amazon #お得 #せどり https://t.co/l7Xxt5y1pH",1.3112044157689364e+18
42,2020-09-30 07:19:53,EXPM25INFO,"【クロネコヤマト】 大阪茨木AFC支店の住所とAmazonの商品がいつ届くかを調べる方法
https://t.co/sAHDkWyjlz
#Amazon #大阪茨木AFC支店 #ヤマト運輸",1.3112041012128932e+18
43,2020-09-30 07:18:27,CouponX1,"Amazon Prime Day 2020 – All You Need To Know About The Best Deals

#amazon #amazonprimeday #amazonprimeday2020 #primeday2020 #primedaysale #primevideo #PrimeDay #amazonsale #holiday #holidaysale #sale #hugeoffers #amazonprime 

https://t.co/rxZu85d4mz",1.3112037405950976e+18
44,2020-09-30 07:16:28,hispachollos,"🌀 LEGO Hidden Side - Faro de la Oscuridad, Juguete de Construcción con App de Realidad Aumentada, Incluye Moto Acuática y Minifiguras de Fantasmas, a Partir de 8 Años (70431). #Amazon 🇪🇸

💶 Precio oferta: 34,7€ 💥 (PVP normal: 50,5€)
 ...
https://t.co/kLPDafe7pp
#chollo",1.311203240160133e+18
45,2020-09-30 07:15:44,savesoodeals,"Savesoo:
New Hot Giveaway
Airpods Pro Case
CA only! Free products!
Get Free now: 
https://t.co/g3BUFkrzE7
Full Refund after Review
PM me if interested
#Amazon #Deals #Discounts #coupon #Freebies #giveaway with https://t.co/BXihzyzWFO https://t.co/arjyt1neuA",1.3112030560135127e+18
46,2020-09-30 07:20:38,investor0321,"@pepegomachan @metaruman77 @3100307kh 魅力的なキャンペーンなので応募させて頂きました🍁

当選したら微力ですが拡散協力させて頂きますのでよろしく🎉🎉

⛩️ステキなご縁があれば幸いです⛩️

#懸賞
#Amazon
#iTunes
#GooglePlay
#ニンテンドープリペイドカード",1.3112042907535196e+18
47,2020-09-30 07:19:58,ScrapeHero,"Get free API calls to get #Amazon product details - pricing, description, #buybox - build your own #competitive #monitoring solution using our #api https://t.co/MMiTA6xNeD",1.311204124164268e+18
48,2020-09-30 07:18:38,Jack69446107,Join me in asking @FP_Champagne not to reward the destruction of the #Amazon! 🔥🔥 Immediately halt the Canada-Mercosur free trade deal &gt;&gt; #ActForAmazon #ClimateAction @GreenpeaceCA https://t.co/fURvyJ4kzM,1.311203787701457e+18
49,2020-09-30 07:20:03,manishnajkani1,"#AmazonQuiz @amazonIN
I played Mi Watch Quiz on Amazon-Play games at Amazon FunZone &amp; eligible to win Redmi 9A Smart phone.
Thank You #Amazon @amazonIN https://t.co/WcTeK13S9X
#AmazonGreatIndianFestival #AmazonWishList #AmazonDeals #amazonpay #AmazonPrimeVideo",1.3112041452573123e+18
,date,screen_name,tweet,tweet_id
0,2020-09-30 07:13:40,smilemanrakuten,"ドラリンパック再入荷してます！

デュエル・マスターズ TCG DMEX-12 最強戦略 !! ドラリンパック DP-BOX

#Amazon
#デュエルマスターズ
#ドラリンパック

https://t.co/xfq0vZDQsi",1.311202535823143e+18
1,2020-09-30 07:14:55,XperienceDope,"Blasting Phyno, Flavour - Chop Life right now on Pretty Dope Xperience Radio aka #BlackPandora

listen now and catch a wave!! https://t.co/VqKFopeoex  #nowplaying #np #RT  #NowStreaming #Streema Download Now #Alexa #GooglePlay #iOSAppStore #Amazon #",1.311202853139161e+18
2,2020-09-30 07:12:29,analystrajib,"#Amazon best seller; #Games &amp; #apps; Buy now; #blogging #TBT #FoundItOnAmazon
 
            Toca Life: City
         https://t.co/Q3nTyjo8NB https://t.co/TFgUE714Iv",1.3112022410770145e+18
3,2020-09-30 07:12:31,analystrajib,"#Amazon best seller; #Games &amp; #apps; Buy now; #blogging #TBT #FoundItOnAmazon
 
            Toca Life: Stable
         https://t.co/kiUrvFLHjV https://t.co/ycJcDQuP6j",1.3112022462318223e+18
4,2020-09-30 07:12:24,analystrajib,"#Amazon best seller; #Games &amp; #apps; Buy now; #blogging #TBT #FoundItOnAmazon
 
            Toca Life: Pets
         https://t.co/hTwIuh50c6 https://t.co/Oh01E2oqYH",1.3112022166535987e+18
5,2020-09-30 07:12:33,bennicirillo,@PrimeVideoIT mi spiegate il senso di rendere disponibile UNA STAGIONE mentre le altre no? E in più non sapete neanche dirmi quando le altre stagioni saranno disponibili 🤬 #primevideo #amazon @AmazonNewsItaly @PrimeVideo @HandmaidsOnHulu @amazon https://t.co/PBkqXymnCD,1.3112022564659118e+18
6,2020-09-30 07:13:39,billano_kawaii,Enter to #Win a #Amazon #GiftCard and Face Mask from @KUAddicts!  https://t.co/Gb16O0iMsM,1.3112025332144988e+18
7,2020-09-30 07:14:17,HMvWGo0bBlS48GJ,"無料商品：バランスボール
4種類サイズ、カラー８つあり。
興味があれば、DMご連絡ください。
#Amazon #レビュー #アマゾン
 #副業 #アマゾンレビュー #amazonレビュー #レビュー募集 #レビューアー #レビュー募集中 https://t.co/pjlh55KJtq",1.3112026910753382e+18
8,2020-09-30 07:12:42,analystrajib,"#Amazon best seller; #Games &amp; #apps; Buy now; #blogging #TBT #FoundItOnAmazon
 
            Toca Pet Doctor
         https://t.co/rlmF3ZWB7W https://t.co/3P6aY07VOF",1.3112022929312195e+18
9,2020-09-30 07:14:36,k27dde7857udkwv,沢田研二と阿久悠、その時代 https://t.co/4EnFNG47ZZ #Amazon,1.3112027737953935e+18
10,2020-09-30 07:14:25,themobileindian,"The #AmazfitNeo is priced at Rs 2499 and will be available from #Flipkart, #Amazon and #Myntra starting from October 1. https://t.co/xnKZjYOriL",1.311202726642987e+18
11,2020-09-30 07:14:41,Priyanshu908,"Buy🛍️CANN-D #STEAMER #INHALER
Loot_Fast😍@Rs.130🔥Only
CLICK👉https://t.co/UrKyYWAkBT
at #Amazon https://t.co/vSGbsIXFUr",1.3112027936974193e+18
12,2020-09-30 07:15:00,DBSofficiel,"Patrouillez votre maison pendant votre absence avec le drone de surveillance d’Amazon! 

#DBS #Amazon #sécurité #drons #technologie #vigilance #innovation #formation #bachelor #mastère
https://t.co/aYuNdnpE0l",1.3112028717449708e+18
13,2020-09-30 07:12:38,analystrajib,"#Amazon best seller; #Games &amp; #apps; Buy now; #blogging #TBT #FoundItOnAmazon
 
            Toca Life: Neighborhood
         https://t.co/eZV6hVkrfm https://t.co/5SaBbSReuF",1.3112022761581814e+18
14,2020-09-30 07:12:25,analystrajib,"#Amazon best seller; #Games &amp; #apps; Buy now; #blogging #TBT #FoundItOnAmazon
 
            Shark Sniping 2020
         https://t.co/YHYM7Ys2RA https://t.co/lAsggVEt4R",1.3112022220978053e+18
15,2020-09-30 07:14:46,savesoodeals,"Savesoo:
New Hot Giveaway
StillCool Coche Teledirigido con 2 en 1 Neumáticos
Get FREE now: https://t.co/4hhBZsg3w3
Full Refund after Review
PM me if interested
#Amazon #Deals #Discounts #coupon #Freebies #giveaway with https://t.co/gfhxRw7n1i https://t.co/IIfpqWRgqF",1.3112028143209308e+18
16,2020-09-30 07:15:28,Canalchollacos,"Enlace al post completo: https://t.co/3wuk2KjjX4 
‍ CHOLLO DODOT #Amazon | #Bebé

Dodot Pants Pañal - Braguita Talla 4, 165 Pañales, 9 kg - 15 kg, Pañal - Braguita Con Ajuste 360° Anti-fugas

 A 0,17€ la unidad. Activa la compra recurrente. Sin recurrente salen a 0.21€.
Más… https://t.co/J26CVqB5pK",1.3112029899741307e+18
17,2020-09-30 07:15:22,Canalchollacos,"Enlace al post completo: https://t.co/ght5JYLXQH 
‍ CHOLLACO #Amazon | #Hogar

 Rodillo Adhesivo (16 Rodillos + 2 Mangos) fabricados en un 95% con Plástico Reciclado.  Ideal para eliminar Pelo de Perros y Gatos sobre tejidos de prendas de vestir, sofás, sillas etc. Tambien quit… https://t.co/LpT7nongmJ",1.31120296328584e+18
18,2020-09-30 07:12:22,analystrajib,"#Amazon best seller; #Games &amp; #apps; Buy now; #blogging #TBT #FoundItOnAmazon
 
            AirReceiver
         https://t.co/AOH4wujweb https://t.co/9j8T8kp06z",1.311202210085208e+18
19,2020-09-30 07:12:39,analystrajib,"#Amazon best seller; #Games &amp; #apps; Buy now; #blogging #TBT #FoundItOnAmazon
 
            Toca Life: Office
         https://t.co/b5sIwLwe73 https://t.co/r8lf4TpBGc",1.3112022817575772e+18
20,2020-09-30 07:12:43,analystrajib,"#Amazon best seller; #Games &amp; #apps; Buy now; #blogging #TBT #FoundItOnAmazon
 
            Incoming Video Live Call From Killer Head - Scary Call
         https://t.co/eSHokTiKcC https://t.co/OfKypPEGEM",1.311202299470123e+18
21,2020-09-30 07:12:33,analystrajib,"#Amazon best seller; #Games &amp; #apps; Buy now; #blogging #TBT #FoundItOnAmazon
 
            PJ Masks™: Hero Academy
         https://t.co/Qe1sSpyAWM https://t.co/HWSDgKFOH3",1.3112022580765368e+18
22,2020-09-30 07:15:16,Canalchollacos,"Enlace al post completo: https://t.co/9UrylHAXYG 
‍ CHOLLO DEL DÍA!  #Amazon | #Hogar

Cecotec Aspirador motor digital Congal RockStar 500 Ultimate, Aspirador sin cables 3 en 1: vertical, escoba y de mano, con motor digital brushless, 430W de potencia y 24 KPA, Hasta 65 min de … https://t.co/1MRultoCZr",1.3112029409763246e+18
23,2020-09-30 07:15:14,mock1981,"今読んでるんだけど、めちゃくちゃ面白いな。映画でも見てみたい。

宇宙【そら】へ 上 (ハヤカワ文庫SF) https://t.co/u5WHxSX3bP #Amazon",1.311202930846888e+18
24,2020-09-30 07:13:15,TayotSam,#cryptocurrencies #bitcoin #DASH #litecoin #GiftCards #Amazon #iTunes https://t.co/LPndCLgggt,1.3112024324715028e+18
25,2020-09-30 07:15:32,maximilien_seo,"Quel que ce soit votre statut, votre âge et vos aspirations, les sites de niche sont pour vous ! https://t.co/EZKK7UeXss #sitedeniche #blog #seo #blackhat #blackhatseo #amazonfba #amazon",1.311203007363797e+18
26,2020-09-30 07:15:11,Canalchollacos,"Enlace al post completo: https://t.co/9z4cJ43fkI 
‍ BAJADA DE PRECIO #Amazon | #Belleza

Bulldog Gel Limpiador Facial para Hombre.- 150 ml

Top ventas con mas de 1000 reseñas y 5 estrellas!!. Ahora en precio mínimo histórico!!

     Antes:  8,00€
    PRECIO OFERTA: 3,45€
  … https://t.co/sLtbfHQ4ZJ",1.311202917953745e+18
27,2020-09-30 07:15:07,app_xndr,"GTA IV Cheats app for #kindle #Fire and #FireHD https://t.co/cOuOdThNxK #Amazon September 30, 2020 at 08:15AM",1.3112029041838408e+18
28,2020-09-30 07:12:41,analystrajib,"#Amazon best seller; #Games &amp; #apps; Buy now; #blogging #TBT #FoundItOnAmazon
 
            Toca Boo
         https://t.co/nYzeUhFpKt https://t.co/iUM2ZGU5vl",1.3112022880658022e+18
29,2020-09-30 07:12:35,analystrajib,"#Amazon best seller; #Games &amp; #apps; Buy now; #blogging #TBT #FoundItOnAmazon
 
            Sonic The Hedgehog 2
         https://t.co/taBb24YsXJ https://t.co/zHmc8f9wgd",1.311202262686077e+18
30,2020-09-30 07:15:31,OnlyGearBest,"🌟 [𝗢𝗻𝗹𝘆 𝗚𝗲𝗮𝗿𝗯𝗲𝘀𝘁] 🌟

🔊 TOQIBO Cuerda para Saltar, Comba de Crossfit Alta Velocidad sin Cable Comba de Fitness, Boxeo,  #amazon

🌍 Enlace: https://t.co/iDnGXQSJ3V

Te esperamos en telegram: https://t.co/mPaN5u2fFj https://t.co/M7nW4Te6f1",1.3112030048975258e+18
31,2020-09-30 07:15:14,Canalchollacos,"Enlace al post completo: https://t.co/MMEcvQdzvs 
‍ SENDERISMO! #Amazon | #Zapatos

Columbia Canyon Point, Zapatillas de Senderismo para Hombre.
Impermeables, transpirables y con costuras selladas, son adecuadas para proteger los pies de la humedad del invierno y de los caminos… https://t.co/BenXGhro3o",1.3112029299494543e+18
32,2020-09-30 07:12:46,analystrajib,"#Amazon best seller; #Games &amp; #apps; Buy now; #blogging #TBT #FoundItOnAmazon
 
            Geometry Dash
         https://t.co/OoLXvw2sTc https://t.co/Zyc9CAUwgE",1.311202309645402e+18
33,2020-09-30 07:15:27,savesoodeals,"Savesoo:
XINRANFF Silikon Backform, Obstkuchenform Tarteform, Ø25 cm Wellenrand Tortenboden Backform
DE only! Free products!
Get Free now: 
https://t.co/TN9oMROdOI
#Amazon #Deals #Discounts #coupon #Freebies #giveaway with https://t.co/6uVaGXKPGL https://t.co/Kj4cHgdnlL",1.311202987302359e+18
34,2020-09-30 07:12:28,analystrajib,"#Amazon best seller; #Games &amp; #apps; Buy now; #blogging #TBT #FoundItOnAmazon
 
            Toca Life: School
         https://t.co/sdl0QnJzee https://t.co/ssKuHs5hRE",1.3112022373063434e+18
35,2020-09-30 07:12:27,analystrajib,"#Amazon best seller; #Games &amp; #apps; Buy now; #blogging #TBT #FoundItOnAmazon
 
            Daniel Tiger's Stop &amp; Go Potty
         https://t.co/jqcQBl391D https://t.co/0lJIyVkGKj",1.3112022327303578e+18
36,2020-09-30 07:12:54,kunani5,"埼玉誕生150周年☆
私が選ぶ150周年を彩る  #キャッチコピー はこれだ！
@saitama150th ではプレゼントCPを実施中！～10/12
抽選で20名に  #Amazon  #ギフト券 500円分を  #プレゼント ♪
 https://t.co/buZ0AkdlEL",1.311202345997316e+18
37,2020-09-30 07:14:15,M8NstDJMYILiL73,"LEDランタン キャンプランタン 超明るい ソーラーランタン

容量は2400mAhです💡

リモコンがついており離れていても電気のオンオフやパターンを変えることができます👍

寝るときも寝たまま操作できますね😊

#Amazon　#ledランタン　#キャンプ　#bbq　#ソロキャンプ

 https://t.co/a8YqcGVl76 https://t.co/8F7bqQuzPQ",1.3112026839659602e+18
38,2020-09-30 07:12:45,analystrajib,"#Amazon best seller; #Games &amp; #apps; Buy now; #blogging #TBT #FoundItOnAmazon
 
            Five Nights at Freddy's
         https://t.co/AzSfRAl55o https://t.co/PQpVhTaMgE",1.3112023049814262e+18
39,2020-09-30 07:12:38,DevanshDigital,"Dabur Almond Shampoo - With Almond-Vita Complex &amp; Milk Extracts - 650 ml by #DABUR 

https://t.co/AbP5kd6AMm via @amazonIN 

M.R.P.:₹ 450.00
Deal of the Day:₹ 180.00 (₹ 27.69 / 100 ml) Pantry badge
Ends in 11h 19m 46s
You Save:₹ 270.00 (60%)
#Amazon #AmazonPantry #Shampoo",1.3112022781502956e+18
40,2020-09-30 07:12:37,analystrajib,"#Amazon best seller; #Games &amp; #apps; Buy now; #blogging #TBT #FoundItOnAmazon
 
            Prison Survive Break Escape
         https://t.co/x2LHNpKKpe https://t.co/0iOgRI7KGf",1.3112022724042957e+18
41,2020-09-30 07:12:35,kunani5,"埼玉誕生150周年☆
私が選ぶ150周年を彩る  #ロゴマーク はこれだ！
@saitama150th ではプレゼントCPを実施中！～10/12
抽選で20名に  #Amazon  #ギフト券 500円分を  #プレゼント ♪
 https://t.co/w5VYHgSzJU",1.3112022661126963e+18
42,2020-09-30 07:14:00,ChanPerco,"Chez #Amazon, on peut désormais payer avec la paume de la main.
Selon Amazon, ce processus ne prendrait que quelques minutes et s’appuie sur des « algorithmes propriétaires de vision informatique et de traitement de l’image » via @01net https://t.co/JCYxxhhtHY",1.3112026217520415e+18
43,2020-09-30 07:14:46,DevanshDigital,"Himalaya Gentle Daily Care Protein Shampoo, 700ml by #Himalaya 

https://t.co/qvILyF8Zvb via @amazonIN 

M.R.P.:₹ 425.00
Deal of the Day:₹ 292.50 (₹ 41.79 / 100 ml) Pantry badge
Ends in 11h 16m 26s
You Save:₹ 132.50 (31%)
#Amazon #DailyCare #Shampoo #Protien #AmazonPantry",1.3112028159188378e+18
44,2020-09-30 07:13:08,AbigelT,"Last Chance! Would you like to win a $50 Amazon Gift Card or PayPal Deposit? Check out this easy entry Gleam giveaway for a chance to #WIN

Open Worldwide

@GooseGiveaways #wingiftcard #wincash #amazon #paypal #winmoney #sweepstakes #giveaways https://t.co/UstpQgXW1g",1.31120240237312e+18
45,2020-09-30 07:12:36,analystrajib,"#Amazon best seller; #Games &amp; #apps; Buy now; #blogging #TBT #FoundItOnAmazon
 
            Teach Your Monster to Read | Phonics and Learn to Read
         https://t.co/JOySapvEjj https://t.co/yq2P2Oi65t",1.311202268012839e+18
46,2020-09-30 07:12:32,analystrajib,"#Amazon best seller; #Games &amp; #apps; Buy now; #blogging #TBT #FoundItOnAmazon
 
            PJ Masks: Racing Heroes
         https://t.co/kYSuXILK2W https://t.co/IT42OPOBHt",1.3112022529343283e+18
47,2020-09-30 07:12:26,analystrajib,"#Amazon best seller; #Games &amp; #apps; Buy now; #blogging #TBT #FoundItOnAmazon
 
            PAW Patrol Air and Sea
         https://t.co/ASt026gmd7 https://t.co/qb4dDV6jOK",1.3112022268121948e+18
48,2020-09-30 07:15:19,Canalchollacos,"Enlace al post completo: https://t.co/5ov6X3uxZd 
‍ CHOLLO MÓVIL #Amazon | #Electrónica

Huawei P smart Z - Smartphone de 6.59"" (4 GB RAM, 64GB internos, Android 9, Pantalla ultra FullView con cámara delantera pop-up, 1920 x 1080 pixels, 4G, 16 MP, WiFi, Bluetooth, USB Tipo-C D… https://t.co/sOifMcm4FM",1.311202952187646e+18
49,2020-09-30 07:13:54,gaoqiaomeizhi,"レビュー募集しています
応募方法：フォロー/RT/コメント
返金方法：PayPal、Paypay、LINE Pay、Amazonギフト券など。
ご興味がございましたら、ご遠慮なくご連絡してください。🥰
#アマゾンレビュー #アマゾン #amazon #レビューア #アマゾンレビュー募集 #レビュー #無料商品  #Amazonレビュー募集 https://t.co/cQtCe1hqOs",1.311202596284035e+18
,date,screen_name,tweet,tweet_id
0,2020-09-30 07:07:27,tkr12051,"CAREER SKILLS　ソフトウェア開発者の完全キャリアガイド https://t.co/mrJuKnPVWE #Amazon
今これ読んでるんだけど、日本の新卒でオファーのやり取りする事ってあるんか…？",1.311200970882179e+18
1,2020-09-30 07:10:04,woodheat,#DestroyersBlood is on #AMAZON https://t.co/6dGBpex1ig … woo hoo! #CR4U #IAN1 #IARTG Get your copy of the new #FANTASY from @woodheat today!,1.3112016300088812e+18
2,2020-09-30 07:09:43,creativemm12,"&lt;Current Weather&gt;
Dallas
Temperature: 60.46°F/ Status: clear
👉https://t.co/ajKPbp9vcj #amazon👈
💯👉Auto Follower👈💯
💯👉#自動相互フォロー👈💯

#TeamFollowback
#Bad #Bunny #Crocs
#Eric #Trump
#National #Coffee #Day
#相互フォロー100
#相互RT
#",1.3112015446294487e+18
3,2020-09-30 07:06:56,bot_lingo,"#LingoStand_
de Trending Articles: 58, Sources: 33, Words: 27,028
Nouns: euro, prozent, jahr, menschen
Adjectives: ersten, neue, neuen, gut
Verbs: kann, soll, gibt, sollen
Proper Nouns: #Deutschland, #Amazon, #GB, #Wagner",1.311200840900903e+18
4,2020-09-30 07:11:48,Priyanshu908,"Buy🛍️ #Pindia Faux Silk #Plain Eyelet 4 Piece #Polyester #Door #Curtain - 7ft, Green
Loot_Fast😍@Rs.654🔥Only
CLICK👉https://t.co/KOuNkwU6s5
at #Amazon https://t.co/zM8Cz4MT6Y",1.3112020667154022e+18
5,2020-09-30 07:06:46,Mencha_t,"#Amazon
https://t.co/kjcAD3Ve2o",1.3112008009374433e+18
6,2020-09-30 07:08:49,EscribeCatalina,"🔘https://t.co/UmZgEtuaWU  
🔘https://t.co/7DyM6xRIjZ #YoLeo 

💎—Ázdeli Lidot... y el jinete del unicornio—, es una #novelajuvenil muy #original. ¿A qué esperas?

#30Sept #lecturasrecomendadas #lectores #amazon #Kindle #KindleUnlimited #Otono2020 #BuenosDiasATodos #España #Lee https://t.co/HHhbIUDP3i",1.3112013184684892e+18
7,2020-09-30 07:06:07,rakten_kaden_,"09/30 16:06

洗濯機 一人暮らし 全自動洗濯機 6kg IAW-
【楽天】22800円
【Amazon】25980円

★楽天で購入すると★
 3180円 お得（お得率14％）

↓お得な情報を一覧で確認出来るサイト
https://t.co/kMQYxgL6Rh

#楽天市場 #Amazon #お得 #せどり https://t.co/WMa408SH8P",1.3112006355392184e+18
8,2020-09-30 07:08:33,aawarukanee,"なにを言い出すんだ？て笑って投票してしまった

埼玉誕生150周年☆
私が選ぶ150周年を彩る  #キャッチコピー はこれだ！
@saitama150th ではプレゼントCPを実施中！～10/12
抽選で20名に  #Amazon  #ギフト券 500円分を  #プレゼント ♪
 https://t.co/6i1AJCUS0p",1.3112012511078236e+18
9,2020-09-30 07:12:17,analystrajib,"#Amazon best seller; #Games &amp; #apps; Buy now; #blogging #TBT #FoundItOnAmazon
 
            LEGO® Jurassic World™
         https://t.co/4vnjR0dNMk https://t.co/Id0quX2Rsg",1.3112021908418355e+18
10,2020-09-30 07:05:27,JbhOnline,"Check out this Amazon deal: Pantene Moisturizing Shampoo and Conditioner for Dry Hair, Daily Moisture Renewal, Bundle Pack by Pantene https://t.co/tnu3IhKlEm via @amazon #amazon #amazonfba #ecommerce #amazonfbaseller #fbaseller #amazonfbatips #amazonsellers #sellingonamazon #hair",1.311200471495979e+18
11,2020-09-30 07:09:00,maurilioberetta,"#Amazon #PrimeDay 2020 il 13 e 14 ottobre: è ufficiale 
https://t.co/EoNWu85xoz",1.3112013627813192e+18
12,2020-09-30 07:10:34,M8NstDJMYILiL73,"メッシュバッグ ネットバッグ 野菜袋 果物収納袋 壁掛け収納袋　

2枚付きです🎶

上から簡単に取り出せる形状になってます🌞

玉ねぎなどを吊るしたいです👍

#Amazon　#果物　#バナナ　#玉ねぎ　#ネット　
 https://t.co/JQ35gbWwnl https://t.co/ZnK3vz5oBI",1.3112017586899436e+18
13,2020-09-30 07:11:07,rakten_kaden_,"09/30 16:11

【送料無料】 パナソニック NE-MS236-W 
【楽天】25800円
【Amazon】26400円

★楽天で購入すると★
 600円 お得（お得率2％）

↓お得な情報を一覧で確認出来るサイト
https://t.co/kMQYxgL6Rh

#楽天市場 #Amazon #お得 #せどり https://t.co/4UpN6MI0mB",1.3112018956339364e+18
14,2020-09-30 07:06:47,daviddoughty,"RT @stef_Compare: Après le paiement mobile, CB, celui avec le sourire, la rétine, l’emprunte .. voici le paiement avec la paume de la main by #Amazon. 
#paytech #banque #fintech @FlashTweet https://t.co/JEdY1HqC2V",1.3112008044272394e+18
15,2020-09-30 07:10:30,CoolDealCA,"💲💰
Clarks Women's Linvale Emmy Pu...
Reduced from $29.92 to $11.99

# #Deals #new #Deals #Amazon  #Deal #ganga

 https://t.co/mbr5kLZz1q https://t.co/XqgvMKqz4P",1.3112017406000824e+18
16,2020-09-30 07:08:35,randomfaqs66,Beneficios del Té de Burbujas #Chollos #ofertas #promociones #amazon #bobatea #bubbletea #quedateencasa https://t.co/PGYnR6pyzq #guías,1.311201259177689e+18
17,2020-09-30 07:11:59,Tkk8000B,"Amazonほしい物リスト 
https://t.co/gp84oEscdf #Amazon
これって公開すると誰か贈ってくれたりするの？ 誰も贈ってくれないだろうけど公開してみよう。",1.311202111997137e+18
18,2020-09-30 07:06:55,bot_lingo,"#LingoStand_
fr Trending Articles: 61, Sources: 40, Words: 37,065
Nouns: septembre, mardi, quest, oculus
Adjectives: premier, aux, autre, autres
Verbs: a, faire, fait, faut
Proper Nouns: #au, #France, #Amazon, #Go",1.3112008394077307e+18
19,2020-09-30 07:07:23,RashelMedia,"Je n'étais déjà pas fan des valeurs de @generalifrance, mutuelle qu'on m'a imposée car elle pousse à consommer sur #Amazon et qu'elle m'a ajouté 10ans dans mon bilan de santé (sans ma faire de bilan). Maintenant, #Generali conseille d'éviter la #consommation #local ??!! Wtf ?? https://t.co/shLTWcdFyD",1.311200954100912e+18
20,2020-09-30 07:06:22,Priyanshu908,"Buy🛍️ #Dabur #Anmol #Gold #Coconut  Hair Oil
Loot_Fast😍@Rs.255🔥Only 
CLICK👉https://t.co/gETfSLOL5c
at #Amazon https://t.co/qAxLHrfQYK",1.311200699632345e+18
21,2020-09-30 07:09:13,pixelme,"🇮🇹 Great PixelMe review from Simone Reali! #amazonFBA #retargeting #amazon #facebookads

https://t.co/0FKZbiXOef",1.3112014183642808e+18
22,2020-09-30 07:12:20,analystrajib,"#Amazon best seller; #Games &amp; #apps; Buy now; #blogging #TBT #FoundItOnAmazon
 
            PAW Patrol: Pups to the Rescue
         https://t.co/kJ8xz3047H https://t.co/4aygvIarIV",1.311202199981228e+18
23,2020-09-30 07:12:05,MacMCCollum6,So once again further broken promises from #amazon. Now 34 days since they were meant to issue a refund for a product never sent!! We raise a ticket - 4 times now this has been done. Where is my refund? #poorcustomerservice https://t.co/n23NfrkOyg,1.3112021403508204e+18
24,2020-09-30 07:10:24,TheInStockRoom,"***New Deal***
Clarks Women's Linvale Emmy Pu...
Reduced from $29.92 to $11.99
https://t.co/ar1F8iy9Ji
#Deals #newDeals #Amazon https://t.co/h6A3gN0Ihd",1.3112017166630912e+18
25,2020-09-30 07:08:55,Priyanshu908,"Buy🛍️ #Cloth #Hanger (Pack of 12)
Loot_Fast😍@Rs.159🔥Only
CLICK👉https://t.co/1WvPDb80mD
at #Amazon https://t.co/Z9s8wskytj",1.3112013420193505e+18
26,2020-09-30 07:06:11,JbhOnline,"Just saw this on Amazon: ASAKUKI 500ml Premium, Essential Oil Diffuser, 5 In 1 Ultrasonic Aromatherapy Fragrant Oil Humidifier Vaporizer, Timer and Auto-Off Safety Switch by ASAKUKI for $25.99 https://t.co/3En3qSAFjB via @amazon #amazon #amazonfba #ecommerce #amazonfbaseller",1.3112006548499046e+18
27,2020-09-30 07:07:19,kimura_books,難解な哲学を平易な言葉でわかりやすく書いて下さいます。構造主義も言語ゲームもこの方の著書で学びました。 橋爪大三郎 https://t.co/TNf4Cea0gJ #books #amazon,1.3112009398401393e+18
28,2020-09-30 07:11:41,XperienceDope,"Blasting Amine, Young Thug - Compensating  right now on Pretty Dope Xperience Radio aka #BlackPandora

listen now and catch a wave!! https://t.co/VqKFopeoex  #nowplaying #np #RT  #NowStreaming #Streema Download Now #Alexa #GooglePlay #iOSAppStore #Amazon #",1.3112020386515313e+18
29,2020-09-30 07:05:32,kana_ogawa,"【ディルド】ベスト10
電動ディルド 【 10段階振動+遠隔操作10M+18cm 深さ15cm+强力吸盤付き 】 ディルド バイブ 初心者向け 潮吹き ディルド 女性 人気 アダルトグッズ 大人おもちゃ
https://t.co/DpnpnBXYWH #Amazon",1.3112004899927163e+18
30,2020-09-03 18:26:48,LenovoLegion,"Lenovo Legion x @PlayApex
Now is your chance to rise above the rest. 
Unmatched performance, purposeful engineering, modern design.
Gear up with a machine as savage as you are.
Stylish outside.
Savage inside.",1.301587465258578e+18
31,2020-09-30 07:06:46,hispachollos,"🌀 DYNASONIC - Soporte para Altavoces | Trípode para Equipos Profesionales Altavoces DYNAPRO. #Amazon 🇪🇸

💶 Precio oferta: 21,25€ 💥 (PVP normal: 27€)

♻️ Reacondicionado: 19,76€

💳 Enlace: https://t.co/8NjDGvjUVb

✨ 30 días gratis de  ...
https://t.co/2oTvYYrXJS
#chollo",1.311200802602713e+18
32,2020-09-30 07:12:19,analystrajib,"#Amazon best seller; #Games &amp; #apps; Buy now; #blogging #TBT #FoundItOnAmazon
 
            Sonic Jump
         https://t.co/dhKSb9JxX9 https://t.co/BucHQx1eoM",1.311202195778556e+18
33,2020-09-30 07:07:38,DevanshDigital,"Dove Hair fall Rescue Shampoo, 340ml by #Dove 

https://t.co/wiw0BAmxun via @amazonIN 

M.R.P.:₹ 230.00
Price:₹ 200.00 (₹ 58.82 / 100 ml) Pantry badge
You Save:₹ 30.00 (13%)
#Amazon #AmazonPantry #HairFall #Shampoo #Rescue #HairFallRescue #Nutritive #Solutions",1.311201018386854e+18
34,2020-09-30 07:08:21,kirrin4j,"#koberngondorf #Amazon need seat - carpooling , Bad Honnef - Kobern amazon facility. cost sharing . 6:30 am shift . 
#germany
#koblenz
#iubh
#badhonnef",1.3112011990231532e+18
35,2020-09-30 07:06:32,Elaee,#Amazon introduit le #paiement sans contact avec la paume de la main https://t.co/P92M5U6VyS via @Challenges,1.3112007420453437e+18
36,2020-09-30 07:09:39,Flipshope,"Amazon gives a great chance to win an everyday amazing gift by playing Amazon Quiz. Play 30 September 2020 Amazon Quiz and win cool prizes Samsung galaxy M21.

Check Full Details:- https://t.co/POuPLDP6qM

#amazon #amazonquiz #amazonquizanswers #quiz #todayanswers https://t.co/m4pmeYLtrB",1.311201526535209e+18
37,2020-09-30 07:10:21,DevanshDigital,"#LOreal Paris Extraordinary Clay Shampoo, Oily Scalp &amp; #Hair 704ml by #LOrealParis 

https://t.co/6BlSUWcXwo via @amazonIN 

M.R.P.:₹ 450.00
Deal of the Day:₹ 315.00 (₹ 44.74 / 100 ml) Pantry badge
Ends in 11h 22m 21s
You Save:₹ 135.00 (30%)
#Amazon #AmazonPantry #Shampoo",1.3112017038074307e+18
38,2020-09-30 07:09:23,AmazonxTshirts,"You’re the worst president America has ever had T-Shirt

Available on #Amazon
10 colors All sizes
Order: https://t.co/Yquhthl6Rd 👈

 #Debates2020 trump #debates #Debate2020 biden #DebateTuesday green new deal #BidenHarris2020 #biden #Biden2020 https://t.co/rZBLaSm0gf",1.3112014598459515e+18
39,2020-09-30 07:08:31,sougo_review,"商品の露出が増えれば商品は売れる

#Amazon #レビュー #アマゾン #副業 #アマゾンレビュー #amazonレビュー #レビュー募集 #レビューアー #レビュー募集",1.311201242069123e+18
40,2020-09-30 07:12:15,mazoudemetz,"#Amazon accusé de dissimuler l'ampleur des accidents de travail dans ses entrepôts

https://t.co/hZaBSjZN4F",1.3112021827006915e+18
41,2020-09-30 07:12:21,analystrajib,"#Amazon best seller; #Games &amp; #apps; Buy now; #blogging #TBT #FoundItOnAmazon
 
            Peppa Pig: Holiday
         https://t.co/vwGmrA1Upi https://t.co/WZ9g3pEh6I",1.3112022051779666e+18
42,2020-09-30 07:09:03,ofertaschollos,"⚠️⚠️ CHOLLO #Amazon ⚠️⚠️

‼️ Se están agotando ‼️
‼️ Oferta Flash ‼️

Amazfit GTS Smartwactch Deportivo | 14 días Batería | GPS | Sensor Seguimiento Biológico BioTracker PPG | Frecuencia Cardíaca | Natación | Bluetooth 5.0 Gris

💶 Precio: 107,09€

🖇 https://t.co/vkN9BsxLBL https://t.co/YMjAtARSfz",1.3112013758130176e+18
43,2020-09-30 07:07:54,M8NstDJMYILiL73,"Besttravel子供ヘルメットこども用 幼児用ヘルメット

ケースもついています😊

3-8歳児用

後ろのネジでしっかり固定できます😃

#Amazon　#ヘルメット　#幼児　#自転車　
 https://t.co/aE6JldrDDZ https://t.co/z78X2sQL5d",1.3112010880752312e+18
44,2020-09-30 07:10:18,ArindamTm,"bsindia: Ahead of the festive sale, @amazon pumps Rs 1,125 crore into its India unit

@PeerzadaAbrar reports
#Amazon 

https://t.co/u2txjg1tPv",1.311201691203666e+18
45,2020-09-30 07:11:39,PilatusToday,"Der Online-Riese #Amazon lanciert eine neue Technologie zum Bezahlen mit der Handfläche. #AmazOne
https://t.co/u2UfXB1d51",1.311202030774608e+18
46,2020-09-30 07:05:42,kana_ogawa,"【ディルド】ベスト10
Pvc防水スーパーラージフルのリアルなディルド女性カップルオナニー大人のおもちゃ T-shirt (Color : Blue)
https://t.co/iA7TGYY6qq #Amazon",1.3112005339028152e+18
47,2020-09-30 07:06:46,jfiliph,#amazon est partout !😲 https://t.co/SNZJCohVi5,1.3112007995953357e+18
48,2020-09-30 07:10:37,AmazonxTshirts,"Available on #Amazon
10 colors All sizes
Order: https://t.co/Yquhthl6Rd 👈",1.3112017695785206e+18
49,2020-09-30 07:05:37,kana_ogawa,"【ディルド】ベスト10
Beinlove バイブ ディルド【伸縮ピストン*振動＊加温*回転】蛇皇 8種ピストン*8種振動 10M遠隔操作 吸盤付き 生活防水 柔軟 強力 USB給電式 玉袋付き アダルトグッズ
https://t.co/6lvmetiSeT #Amazon",1.311200511840772e+18
,date,screen_name,tweet,tweet_id
0,2020-09-30 07:02:50,ukkunn666,"#荒野行動
#シングルゲリラ
#5時
#17時
#1000円
#Amazon https://t.co/rvQykQic1E",1.311199813023617e+18
1,2020-09-30 07:04:09,amazonsaudiarab,"Convenience Concepts Tucson Console Table, Barnwood / Black
        
#Deals #newDeals #Discounts #Amazon https://t.co/44vy9okiR5",1.311200141626536e+18
2,2020-09-30 07:03:48,netcoreplus,【Amazon 売れ筋ランキング】Amazon で最も人気のある商品です。ランキングは1時間ごとに更新されます。 #Amazon #アマゾン #ランキング #おすすめ https://t.co/1mMC02TlhY,1.3112000562597028e+18
3,2020-09-30 07:03:49,BrickSearch,"#LEGO Technic Cargo Plane (42025) #Amazon #US #Bricks #BrickSearch
🔗 https://t.co/pPgA1DPqtp *",1.311200057228759e+18
4,2020-09-30 07:03:07,amzn_deals_us,"https://t.co/C1BmL4pEcK Up to 30% off dress shirts from Van Heusen, Calvin Klein, Kenneth Cole REACTION and more #Amazon #Deal https://t.co/hJ2xvLS398",1.311199880296239e+18
5,2020-09-30 07:04:10,amazonsaudiarab,"Convenience Concepts Omega Console Table, Black
        
#Deals #newDeals #Discounts #Amazon https://t.co/gItrQiOjZ9",1.311200144801624e+18
6,2020-09-30 07:04:23,amazonsaudiarab,"Convenience Concepts Oxford Console Table, Black
        
#Deals #newDeals #Discounts #Amazon https://t.co/pPxpwvb6VN",1.3112002007914045e+18
7,2020-09-30 07:04:51,DevanshDigital,"Sunsilk Stunning Black Shine Shampoo 650 ml by #Sunsilk 

https://t.co/S2EPYsX4T1 via @amazonIN 

M.R.P.:₹ 310.00
Price:₹ 252.00 (₹ 38.77 / 100 ml) Pantry badge
You Save:₹ 58.00 (19%)
#Amazon #Stunning #BlackShine #Shampoo #AmazonPantry",1.3112003200562504e+18
8,2020-09-30 07:04:07,atushi5107,API回復～!フォロー返し１００％だよ　#followmeJP　#sougofollow　#followdaibosyu　#followme　#amazon,1.31120013586756e+18
9,2020-09-30 07:05:04,booksmoviesph,"Amazon on Tuesday unveiled a new biometric payment system using palm recognition, to be made available to rival retailers and also promoted as a replacement for badge entry at stadiums or workplaces.
#Amazon

https://t.co/pyvGmTVdfT",1.3112003722082222e+18
10,2020-09-30 07:03:08,AmazonCoin_io,"AmazonCoin ⬇
$AMA ➡ $0,0178

👉👉 https://t.co/GydSZXKIno 🌿

#amazoncoin #amazon #nature #decentralized #green #cryptocurrencies #cryptocurrency #crypto #defi #dex #cryptonews #ethereum #ether #eth #blockchain #coin #token #ico #tokensale #startup #bitcoin  #btc $BTC $ETH https://t.co/QGPROjKUe2",1.311199884578562e+18
11,2020-09-30 07:04:53,MiguelOrtego,La @CNMC concluye que Amazon realiza labores de operador postal y que debe cumplir con la normativa del sector postal. Ello implica que a partir de ahora deberá observar la protección de los datos y la privacidad de sus usuarios a las exigencias de competidores(Correos). #Amazon https://t.co/GU9M40tSdF,1.3112003274216202e+18
12,2020-09-30 07:02:42,creativemm12,"#SENMHOO の SENMHOO バニーガール うさぎ バニー コスプレ セクシー ランジェリー コスチューム 定番 人気 衣装 うさぎ耳 ハロウィン 仮装 ー 撮影パーティー 可愛い (1168)
https://t.co/UsNtgKnqi7 
#RT企画
#온라인셀러
#amazon
#Eric #Trump
#Gillian #Keegan
#栢志高",1.3111997762060616e+18
13,2020-09-30 07:04:21,amazonsaudiarab,"Otto &amp; Ben Folding Toy Box Chest with Smart Lift Top Upholstered Tufted Ottomans Bench Foot Rest for Bedroom and Living Room, Amber Orange
        
#Deals #newDeals #Discounts #Amazon https://t.co/2NGEPcYoCH",1.3112001906620498e+18
14,2020-09-30 07:04:29,amazonsaudiarab,"DHP Rosewood Tall Coffee Table
        
#Deals #newDeals #Discounts #Amazon https://t.co/BGP7XiJ4qt",1.3112002265653903e+18
15,2020-09-30 07:04:22,amazonsaudiarab,"GreenForest Vanity Table 47’’ Glossy White Console Table Computer Makeup Desk with 2 Drawers and Solid Metal Legs for Living Room Entryway Hallways
        
#Deals #newDeals #Discounts #Amazon https://t.co/HMK3Dob3QS",1.3112001966893015e+18
16,2020-09-30 07:04:13,amazonsaudiarab,"Ameriwood Home Parsons Corner Fireplace 55"", Black TV Stand,
        
#Deals #newDeals #Discounts #Amazon https://t.co/bz6ILvjhAD",1.3112001600269517e+18
17,2020-09-30 07:04:17,amazonsaudiarab,"Barb Small Console Table Solid Wood by Del Hutson Designs (Dark Walnut)
        
#Deals #newDeals #Discounts #Amazon https://t.co/iMJwCzeigL",1.3112001738681754e+18
18,2020-09-30 07:03:23,readinglistbook,Read The Hidden Oracle (The Trials of Apollo Book 1) #Kindle #Free #Amazon #Books #Romance #Reading #Book  https://t.co/FXVWUeoeln,1.31119995062195e+18
19,2020-09-30 07:05:02,renaudjoly,On ne peut plus se serrer la main mais on pourra bientôt payer avec ✋https://t.co/2iBkb9drwa #amazon #alimentaire,1.3112003660846612e+18
20,2020-09-30 07:05:12,Advocates_OMI,"Amazon on Tuesday unveiled a new biometric payment system using palm recognition, to be made available to rival retailers and also promoted as a replacement for badge entry at stadiums or workplaces.
#Amazon

https://t.co/jXxKRuhuZi",1.3112004073606963e+18
21,2020-09-30 07:04:16,amazonsaudiarab,"VASAGLE Coat Rack, Solid Wood Coat Stand, Free Standing Hall Coat Tree with 8 Hooks for Coats, Hats, Bags, Purses, for Entryway, Hallway, Rubberwood, Black URCR04BK
        
#Deals #newDeals #Discounts #Amazon https://t.co/vkRhq3gWi0",1.3112001700471398e+18
22,2020-09-30 07:03:04,AuthorOSanchez,"Dealing with rancid ogre BO...not fun.
https://t.co/bbwq8wuUyR
#humor #ebook #amazon https://t.co/ozwaHiEQon",1.3111998684389294e+18
23,2020-09-30 07:04:12,amazonsaudiarab,"ClosetMaid 1309 Cubeicals 3-Cube Storage Bench, Dark Cherry
        
#Deals #newDeals #Discounts #Amazon https://t.co/pj86gbmrfJ",1.3112001531986166e+18
24,2020-09-30 07:05:00,kana_ogawa,"【ディルド】ベスト10
バイブ 女性用 ローター 10種類の振動パターン 柔らかいシリコン製 ソフトな手触り 防水 強力バイブレーター USB充電式
https://t.co/cgFSLo0wCb #Amazon",1.3112003578846822e+18
25,2020-09-30 07:04:26,amazonsaudiarab,"HOMEKOKO Coat Rack Shoe Bench Hall Tree Entryway Bench with Storage, Wood Look Accent Furniture with Metal Frame, 3-in-1 Design (Dark Brown)
        
#Deals #newDeals #Discounts #Amazon https://t.co/df6ZKwGE8c",1.3112002154756424e+18
26,2020-09-30 07:03:35,XperienceDope,"Blasting Aminé - Riri right now on Pretty Dope Xperience Radio aka #BlackPandora

listen now and catch a wave!! https://t.co/VqKFopeoex  #nowplaying #np #RT  #NowStreaming #Streema Download Now #Alexa #GooglePlay #iOSAppStore #Amazon #",1.3112000003456e+18
27,2020-09-30 07:04:27,amazonsaudiarab,"Homemaid Living Bamboo 3 Tier Shoe Rack Bench, Premium Shoe Organizer or Entryway Bench, Perfect for Shoe Cubby, Entry Bench, Bathroom Bench, Entryway Organizer, Hallway or Living Room
        
#Deals #newDeals #Discounts #Amazon https://t.co/HbFDv6RcdB",1.3112002185416253e+18
28,2020-09-30 07:04:17,amazonsaudiarab,"Kealive Console Table, 2-Tier Wood Long Sofa Table with Storage Shelf X Frame Entryway 39.4×11.8×31.5 inches, Black
        
#Deals #newDeals #Discounts #Amazon https://t.co/9NQGAOaTAT",1.3112001769383977e+18
29,2020-09-30 07:04:08,amazonsaudiarab,"Sunnyglade Vintage Coat Rack Shoe Bench, Hall Tree Entryway Storage Shelf, Wood Look Accent Furniture Metal Frame, 3 in 1 Design, Easy Assembly
        
#Deals #newDeals #Discounts #Amazon https://t.co/LBgHmikbUC",1.3112001366562365e+18
30,2020-09-30 07:04:25,amazonsaudiarab,"Sauder North Avenue Sofa Table, Charter Oak finish
        
#Deals #newDeals #Discounts #Amazon https://t.co/6Oxu9l0oii",1.311200207569326e+18
31,2020-09-30 07:04:19,amazonsaudiarab,"Convenience Concepts Oxford 1 Drawer Console Table, Black
        
#Deals #newDeals #Discounts #Amazon https://t.co/50dnB6xwrS",1.3112001860735222e+18
32,2020-09-30 07:03:30,yasam,Be aware of such phishing emails. @amazon #Amazon https://t.co/yClPTgPmqO,1.3111999774194115e+18
33,2020-09-30 07:03:07,Raine_Miller,"Raine_Miller Das mädchen mit dem kirschroten haar...
        Cherry Girl 
       ⭐️⭐️⭐️⭐️⭐️
    by Raine Miller ☔️

Stand-alone-Roman 
▶️ https://t.co/dNrAWZKs1P  

#buchpassion #deutsch #liebesromane #Lesen #eBook #amreading #romance 
#Kindle #Amazon #bookstagram https://t.co/EWZlrWI7dy",1.3111998840039465e+18
34,2020-09-30 07:05:05,amzn_deals_us,https://t.co/k5a0rsK76H Save up to 35% on ZonePerfect products #Amazon #Deal https://t.co/txjIIMuPvO,1.3112003784663163e+18
35,2020-09-30 07:04:21,amazonsaudiarab,"Lavish Home Foldable Storage Cube Ottoman with Pockets – Multipurpose Footrest Organizer for Bedroom, Living Room, Dorm or RV (Pair, Charcoal Gray),
        
#Deals #newDeals #Discounts #Amazon https://t.co/IffUazVdJe",1.311200193874989e+18
36,2020-09-30 07:04:18,amazonsaudiarab,"Sofa Arm Clip Table, Armrest Tray Table, Drinks/Remote Control/Snacks Holder
        
#Deals #newDeals #Discounts #Amazon https://t.co/kmcEw9da7f",1.3112001813045985e+18
37,2020-09-30 07:04:14,amazonsaudiarab,"Vlush Sturdy Wooden Coat Rack Stand, Entryway Hall Tree Coat Tree with Solid Base for Hat,Clothes,Purse,Scarves,Handbags,Umbrella-(8 Hooks,Brown)
        
#Deals #newDeals #Discounts #Amazon https://t.co/hOUi7d2gkC",1.3112001652446863e+18
38,2020-09-30 07:05:11,kana_ogawa,"【ディルド】ベスト10
ディルド 電動 バイブ ローター 【 10段階振動 遠隔操作10M 18cm 深さ15cm 强力吸盤付き 】 バイブレーター 女性用 大人おもちゃ 防水 静音 オナニー アダルトグッズ マッサージ
https://t.co/0pZFdLDB8v #Amazon",1.3112004020506952e+18
39,2020-09-30 07:04:07,amzn_deals_us,https://t.co/9jBJHh4DTY 30% off AuraGlow Teeth Whitening Products #Amazon #Deal https://t.co/jA0qD9PqVE,1.311200135720956e+18
40,2020-09-30 07:04:11,amazonsaudiarab,"Monarch Specialties 47"" Console Table - Sleek and Modern Accent Table for Your Home (Cappuccino/Dark Brown)
        
#Deals #newDeals #Discounts #Amazon https://t.co/eIlIM6ys4O",1.311200149834797e+18
41,2020-09-30 07:05:21,kana_ogawa,"【ディルド】ベスト10
電動ディルド バイブ 【 10段階振動 遠隔操作10M 18cm 深さ15cm 强力吸盤付き 】 初心者向け オナニー 女性用 潮吹き バイブレーター 防水 静音 アダルトグッズ 大人おもちゃ
https://t.co/Urp6bmUHxz #Amazon",1.3112004461034455e+18
42,2020-09-30 07:02:31,DevanshDigital,"#Dabur Ayurvedic #Shampoo, 640ml : Power of Dus Poshan for 10 Hair Problems by #Vatika 

https://t.co/xtCFWh2ePK via @amazonIN 

M.R.P.:₹ 400.00
Deal of the Day:₹ 200.00 (₹ 31.25 / 100 ml) Pantry badge
Ends in 11h 29m 20s
You Save:₹ 200.00 (50%)
#Amazon #DusPoshan",1.3111997295024865e+18
43,2020-09-30 07:04:28,amazonsaudiarab,"High-Grade Wooden Tree Coat Rack Stand, 6 Hooks - Super Easy Assembly NO Tools Required - 3 Adjustable Sizes Free Standing Coat Rack, Hallway/Entryway Coat Hanger Stand for Clothes, Suits, Accessories
        
#Deals #newDeals #Discounts #Amazon https://t.co/rVDM6ynI3b",1.3112002215279698e+18
44,2020-09-30 07:04:24,amazonsaudiarab,"VASAGLE Coat Rack Stand, Coat Tree, Hall Tree Free Standing, Industrial Style, with 2 Shelves, for Clothes, Hat, Bag, Black, Vintage URCR16BX
        
#Deals #newDeals #Discounts #Amazon https://t.co/Ye2NTtXKT8",1.311200203949699e+18
45,2020-09-30 07:05:06,kana_ogawa,"【ディルド】ベスト10
Fancy Loverディルド リアル 巨大サイズ（31CM 905グラム）柔らかい 高弾力 吸盤付き 完全防水 安全な素材 シリコン 肉感肌 ローション必要 大人のおもちゃ 女性用 アダルトグッズ【日本語説明書付き/一年間メーカ保証】 (31cm)
https://t.co/phi0VONAPN #Amazon",1.3112003799005553e+18
46,2020-09-30 07:04:26,amazonsaudiarab,"Bamboo Free Standing Coat Rack Stand, Adjustable Coat Tree with 3 Sections &amp; 8 Hooks, Easy to Assemble Coat Hanger Stand for Bedroom, Office, Hallway, Entryway, Bedroom, Brown
        
#Deals #newDeals #Discounts #Amazon https://t.co/GBfm2Y0B2n",1.311200211969155e+18
47,2020-09-30 07:04:12,amazonsaudiarab,"VASAGLE Industrial Coat Rack, Coat Stand with 3 Shelves, Hall Trees Free Standing with Hooks and Clothes Rail, Metal Frame ULCR80X
        
#Deals #newDeals #Discounts #Amazon https://t.co/pZuLxpLHOD",1.3112001563904369e+18
48,2020-09-30 07:04:23,manishnajkani1,"#AmazonQuiz @manishnajkani1 
i played 👉Handicrafts Mela Quiz at Funzon Quiz of Amazon &amp; eligible to win 20000 Amazon Pay Balance.
Thank You #Amazon @amazonIN 
#AmazonGreatIndianFestival #AmazonDeals #amazonpay #AmazonPrimeVideo #AmazonWishList https://t.co/Bh71lWNLPf",1.311200200828924e+18
49,2020-09-30 07:03:00,Androidheadline,You Can Buy Two Echo Dots For $40  https://t.co/EKiBHAbZ7D  #echo #amazon,1.3111998538385613e+18
,date,screen_name,tweet,tweet_id
0,2020-09-30 07:00:27,yuki_nagase,"【コンドーム】ベスト10
2本セット陰茎袖 ペニスサック 陰茎スリーブ コンドーム 再使用可能な ペニスリング付き 装着型 粒子刺激 摩擦増加 夫婦 恋人 情趣グッズ SM 防水 大人のおもちゃ
https://t.co/Mzbm9m308T #Amazon",1.31119921025604e+18
1,2020-09-30 07:01:06,rakten_kaden_,"09/30 16:01

炊飯器 5.5合 一人暮らし アイリスオーヤマ新生
【楽天】5980円
【Amazon】6680円

★楽天で購入すると★
 700円 お得（お得率12％）

↓お得な情報を一覧で確認出来るサイト
https://t.co/kMQYxgL6Rh

#楽天市場 #Amazon #お得 #せどり https://t.co/daqmlPtJ5W",1.311199375423492e+18
2,2020-09-30 07:00:12,ianmcconnellHT,Spice route from India to Arrochar to Aldi and #Amazon . @heraldscotland https://t.co/ItzPDe1lTN,1.3111991493255373e+18
3,2020-09-30 07:00:16,yuki_nagase,"【コンドーム】ベスト10
オカモトコンドーム ニャンボーVer. 12コ入×3パック
https://t.co/g6Tu8e6iwM #Amazon",1.3111991664297656e+18
4,2020-09-30 07:01:00,mokanosuke11,"新型コロナウイルスだからお家で食事 

広島県産　特大剥き牡蠣

#新型 #コロナウイルス #感染 #消毒 #ステイホーム #お家時間 #食べ物 #お取り寄せグルメ #美味しい #Amazon #アマゾン #牡蠣 #鍋 #広島 https://t.co/1cDcixrXDZ",1.3111993486679982e+18
5,2020-09-30 07:01:05,CoolDealCA,"💲💰
18oz. Tree Hut Shea Sugar Body...
Reduced from $9.29 to $3.70

# #Deals #new #Deals #Discounts #Amazon  #Deal #ganga

 https://t.co/ed7HWwJLMZ https://t.co/2MNmrdDDZ2",1.3111993690567188e+18
6,2020-09-30 07:00:22,yuki_nagase,"【コンドーム】ベスト10
サガミ ラブタイム【業務用コンドーム】144個入り (1)送料込みでこの値段
https://t.co/48Jw1dKEJQ #Amazon",1.3111991884079186e+18
7,2020-09-30 07:01:36,kindle_everyday,【0時更新】本日のAmazonKindle日替わりセールはこちら!! https://t.co/HemxBvm2Kc #毎日更新 #毎日3冊日替わりセール #Amazon #Kindle,1.3111995023599575e+18
8,2020-09-30 07:00:44,Lapequenaasia,"#Ofertas de hoy en #Amazon
👉 https://t.co/nzT1gSDaII https://t.co/9i5i8DzBv5",1.3111992811902444e+18
9,2020-09-30 07:01:08,Afroman231,Deals of the day!! https://t.co/esoPZWnFbp #deals #shopping #amazon,1.3111993829608325e+18
10,2020-09-30 07:00:26,shinchaku,【発売日：2020/09/12】あきない世傳 金と銀(九) 淵泉篇 (ハルキ文庫 た)  https://t.co/TVwBTgXbys #amazon,1.3111992075340063e+18
11,2020-09-30 07:00:10,AndiRichards99,Popular items in Health &amp; Personal Care items on #Amazon https://t.co/zvgdOMOM1n,1.3111991406851523e+18
12,2020-09-30 07:01:20,EscribeCatalina,"🔹🔶🔘https://t.co/UmZgEtuaWU    
🔸🔷🔘 https://t.co/bHnSPKObfY 

#30Sep #VueltaAlCole #Lectores #Amazon #Kindle #KU #Otono2020 #QuedateEnCasa #FelizLunesATodos #FelizLectura 🔷—Ázdeli Lidot... y el jinete del unicornio—, es una #novelajuvenil muy #original. ¿A qué esperas...? https://t.co/04KLZXyDT5",1.3111994316818145e+18
13,2020-09-30 07:00:24,shinchaku,【発売日：2020/09/07】二度転生した少年はＳランク冒険者として平穏に過ごす　～前世が賢者で英雄だったボクは来世では地味に生きる～ 3巻 (デジタル版ガンガンコミックスＵＰ！)  https://t.co/ZDfS51JvEG #amazon,1.3111991998668923e+18
14,2020-09-30 07:00:58,AmazonxTshirts,"Do you have any idea what this clown’s doing? T-Shirt

Available on #Amazon
10 colors All sizes
Order: https://t.co/PicSv66dKr 👈

 #Debates2020 trump #debates #Debate2020 biden #DebateTuesday green new deal #BidenHarris2020 #biden #Biden2020 https://t.co/ENsUu7UZsk",1.3111993419279483e+18
15,2020-09-30 07:00:27,OnlyGearBest,"🌟 [𝗢𝗻𝗹𝘆 𝗚𝗲𝗮𝗿𝗯𝗲𝘀𝘁] 🌟

🔊 Mini Amoladora Eléctrica, TECCPO Herramienta Rotativa Tool 135W, 10000-35000 tr/min, 114 Acceso #amazon

🌍 Enlace: https://t.co/almNtXK3ct

Te esperamos en telegram: https://t.co/mPaN5u2fFj https://t.co/i6n7EtQSML",1.311199211707302e+18
16,2020-09-30 07:00:48,yuki_nagase,"【コンドーム】ベスト10
オカモトゼロワン0.01ミリ3個入り
https://t.co/Tr0uaPkhw7 #Amazon",1.3111992982860964e+18
17,2020-09-30 07:00:25,shinchaku,【発売日：2020/09/18】君のことが大大大大大好きな100人の彼女 3 (ヤングジャンプコミックスDIGITAL)  https://t.co/YyoCVgJ0Cm #amazon,1.311199201062277e+18
18,2020-09-30 07:00:27,shinchaku,【発売日：2020/09/18】史上最強の魔法剣士、Fランク冒険者に転生する ～剣聖と魔帝、2つの前世を持った男の英雄譚～ 3 (ヤングジャンプコミックスDIGITAL)  https://t.co/Romtks4coi #amazon,1.3111992099373957e+18
19,2020-09-30 07:01:45,dealnarwhal,OMORC Ski Helmet $39.99 https://t.co/qSM5OQJQdT at #Amazon https://t.co/Td0coyODjY,1.3111995399032955e+18
20,2020-09-30 07:01:43,AmazonxTshirts,"Available on #Amazon
10 colors All sizes
Order: https://t.co/PicSv66dKr 👈",1.3111995304157798e+18
21,2020-09-30 07:00:32,WS_Klass,#FB #Books #BarnesandNoble #Amazon Come give me a like and follow at https://t.co/Aoblx6Fyg5,1.311199231479251e+18
22,2020-09-30 07:00:28,shinchaku,【発売日：2020/09/25】魔法少女特殊戦あすか 13巻 (デジタル版ビッグガンガンコミックス)  https://t.co/KJXRmJSNee #amazon,1.3111992154864804e+18
23,2020-09-30 07:00:28,reinadellowcost,"🌟 [𝗟𝗮 𝗿𝗲𝗶𝗻𝗮 𝗱𝗲𝗹 𝗟𝗼𝘄𝗰𝗼𝘀𝘁] 🌟

🔊 Mini Amoladora Eléctrica, TECCPO Herramienta Rotativa Tool 135W, 10000-35000 tr/min, 114 Acceso #amazon

🌍 Enlace: https://t.co/uHXa6RkNc7

Te esperamos en telegram: https://t.co/Jxndx9pJCJ https://t.co/c18SRPCSA7",1.3111992155535196e+18
24,2020-09-30 07:02:11,amzn_deals_us,https://t.co/B9b2npcGm9 Save up to 30% on LARQ's Self-Cleaning Water Bottles with UV Purifier #Amazon #Deal #LARQ https://t.co/mhtEz6FUQL,1.311199649282306e+18
25,2020-11-10 19:27:48,amazon,"Shanika, a leader with the Amazon Future Engineer program, fights for equal access to STEM education. She's committed to providing quality, hands-on learning for all students, no matter their zip code or skin color.",1.3262451923539968e+18
26,2020-09-30 07:00:26,shinchaku,【発売日：2020/08/03】歌舞伎町バッドトリップ【電子限定かきおろし付】 (秒で分かるBL)  https://t.co/CQlIYbsj84 #amazon,1.3111992053656084e+18
27,2020-09-30 07:00:59,TheInStockRoom,"***New Deal***
18oz. Tree Hut Shea Sugar Body...
Reduced from $9.29 to $3.70
https://t.co/qbpXlZsIpb
#Deals #newDeals #Discounts #Amazon https://t.co/zHTy3wf7xQ",1.3111993450526597e+18
28,2020-09-30 07:00:23,shinchaku,【発売日：2020/09/07】最強タンクの迷宮攻略　～体力9999のレアスキル持ちタンク、勇者パーティーを追放される～ 3巻 (デジタル版ガンガンコミックスＵＰ！)  https://t.co/sQf3s1VrhB #amazon,1.3111991933363528e+18
29,2020-09-30 07:00:29,MenudoPaquete,"🌟 [𝗠𝗲𝗻𝘂𝗱𝗼 𝗣𝗮𝗾𝘂𝗲𝘁𝗲] 🌟

🔊 Mini Amoladora Eléctrica, TECCPO Herramienta Rotativa Tool 135W, 10000-35000 tr/min, 114 Acceso #amazon

🌍 Enlace: https://t.co/amE445uJb8

Te esperamos en telegram: https://t.co/IbEojfZpa4 https://t.co/hySMJeFiW0",1.311199219521327e+18
30,2020-09-30 07:00:29,shinchaku,【発売日：2020/09/18】ポケット六法 令和3年版  https://t.co/VOnAAB2gj1 #amazon,1.3111992175248384e+18
31,2020-09-30 07:00:46,DebraUllrick,Olivia vows to never love again. Death has a way of doing that. DÉJÀ VU BRIDE https://t.co/tfP5pGt1yd #romance #uplifting #Amazon,1.3111992888531763e+18
32,2020-09-30 07:00:27,shinchaku,【発売日：2020/09/07】育成スキルはもういらないと勇者パーティを解雇されたので、退職金がわりにもらった【領地】を強くしてみる 1巻 (デジタル版ガンガンコミックスＵＰ！)  https://t.co/TugBN6AmF6 #amazon,1.3111992121854525e+18
33,2020-09-30 07:00:58,amzsuspends,Get Your Amazon Seller Account Reinstated Today. Contact Now #amazon #suspend https://t.co/TUJCP7P0VD,1.311199343026684e+18
34,2020-09-30 07:00:10,ADVANCEBOOKS777,"AUTORES INDIE A.B.
EYREEN de 
@Daniel_G_Segura
@ADVANCEBOOKS777
@JARios_autor
@MagdaDJG
#kindleunlimited #autoresindie  #libros #leer 
#Amazon : 
 https://t.co/XJQ3ERk8Vh
EDITORIAL: https://t.co/NpX76b76nd https://t.co/VxoiUyRvht",1.3111991384455127e+18
35,2020-09-30 07:00:23,shinchaku,【発売日：2020/09/14】16bitセンセーション １　私とみんなが作った美少女ゲーム (角川書店単行本)  https://t.co/FQqsd6cqlG #amazon,1.3111991957313085e+18
36,2020-09-30 07:01:22,HarbRimah,"Amazon rolls out palm payment technology https://t.co/Cytd3a1D9Y 

#technology #payment #shopping #AmazonOne #Amazon 

MT @amazon",1.3111994407751188e+18
37,2020-09-30 07:00:10,MagdaDJG,"AUTORES INDIE A.B.
EYREEN de 
@Daniel_G_Segura
@ADVANCEBOOKS777
@JARios_autor
@MagdaDJG
#kindleunlimited #autoresindie  #libros #leer 
#Amazon : 
 https://t.co/lMpZll5Ixg
EDITORIAL: https://t.co/tqY0bPO4ZV https://t.co/EUzM1ccpTW",1.3111991388438897e+18
38,2020-09-30 07:00:23,arimetrics,"Descubre en nuestro último post qué es 𝐀𝐦𝐚𝐳𝐨𝐧 𝐀𝐝𝐯𝐞𝐫𝐭𝐢𝐬𝐢𝐧𝐠 y  cómo una buena estrategia con esta herramienta puede ayudar a cualquier negocio a vender más en #Amazon.⁣
⁣
#Marketpplace #Arimetrics https://t.co/I2ck8vjZ6W",1.3111991940997325e+18
39,2020-09-30 07:00:32,yuki_nagase,"【コンドーム】ベスト10
グラマラスバタフライ HOTタイプ 12個入
https://t.co/rJHyYUTvts #Amazon",1.3111992322551194e+18
40,2020-09-30 07:00:12,dealnarwhal,GUND Sleepy Seas Sound &amp; Lights Whale On-The-Go $3.58 https://t.co/qLAgYL0O1m at #Amazon https://t.co/v4UxWs1DXV,1.3111991463559414e+18
41,2020-09-30 07:00:28,shinchaku,【発売日：2020/09/07】WiNK UP (ウインクアップ) 2020年 10月号  https://t.co/QmvBCS4OjH #amazon,1.3111992143749816e+18
42,2020-09-30 07:01:00,stef_Compare,"Après le paiement mobile, CB, celui avec le sourire, la rétine, l’emprunte .. voici le paiement avec la paume de la main by #Amazon. 
#paytech #banque #fintech @FlashTweet https://t.co/j3TEpGiBnl",1.311199348257108e+18
43,2020-09-30 07:00:11,yuki_nagase,"【コンドーム】ベスト10
ZONE ゾーン コンドーム 10個入
https://t.co/ofx0v2p1zW #Amazon",1.3111991440824566e+18
44,2020-09-30 07:00:37,yuki_nagase,"【コンドーム】ベスト10
サガミオリジナル 0.01 5個入
https://t.co/aFadt4q6vh #Amazon",1.3111992541284147e+18
45,2020-09-30 07:00:42,yuki_nagase,"【コンドーム】ベスト10
サガミオリジナル 0.02ミリ 10個入り
https://t.co/fu3I8Ro2Fe #Amazon",1.311199275934597e+18
46,2020-09-30 07:00:20,shinchaku,【発売日：2020/09/03】Number(ナンバー)1010号「藤井聡太と将棋の天才」 (Sports Graphic Number(スポーツ・グラフィック ナンバー))  https://t.co/WHzpxOZa7I #amazon,1.311199183664083e+18
47,2020-09-30 07:02:00,susanas4321,Coronavirus: TWELVE new confirmed cases at #Amazon in Dunfermline | Dunfermline Press #Dunfermline rt https://t.co/dkE8TJpfg5,1.3111996017147535e+18
48,2020-09-30 07:00:27,shinchaku,【発売日：2020/08/20】ゴーマニズム宣言SPECIAL コロナ論  https://t.co/BrTx8iGyPl #amazon,1.311199211095036e+18
49,2020-09-30 07:00:29,shinchaku,【発売日：2020/09/26】社畜が異世界に飛ばされたと思ったらホワイト企業だった 4 (電撃コミックスNEXT)  https://t.co/pWNMjH8q4E #amazon,1.311199218946769e+18
,date,screen_name,tweet,tweet_id
0,2020-09-30 07:00:00,Tarrako1162,"🔥CHOLLO! #Amazon | #Ropa

📢Helly Hansen Roam 2.5 Capa Chaqueta Impermeable con Capucha, Hombre. TALLA S

Disponibles más ofertas descuentos

   ❌ Antes: 120,00€
   🔥 PRECIO OFERTA: 37,79€🔥 -69%
   🔰 Enlace: https://t.co/0vREWTJPpU https://t.co/ELqYHKfP1g",1.3111990970812785e+18
1,2020-09-30 06:52:26,DevanshDigital,"Rin Advanced Detergent Powder - 7 kg by #RIN 

https://t.co/x8naSleJ8g via @amazonIN 

M.R.P.:₹ 503.00
Price:₹ 416.00 (₹ 59.43 / kg) Pantry badge
You Save:₹ 87.00 (17%)
#Amazon #AmazonPantry #Advanced #Detergent #Powder #DetergentPowder",1.3111971946917724e+18
2,2020-09-30 06:56:09,AmazonxTshirts,"Available on #Amazon
10 colors All sizes
Order: https://t.co/hLL5Z4aHxa 👈",1.311198128863875e+18
3,2020-09-30 06:51:04,creativemm12,"👉https://t.co/f9kbGQOgSi  #amazon👈
💯👉Auto Follower👈💯
💯👉#自動相互フォロー👈💯

#FollowBack
#Bad #Bunny #Crocs
#Titans
#White #Sox
#500ADay
#フォロバ100パーセント
#TFW
#FollowBack
#followtrick
#1000ADay
#bts
#seventeen",1.3111968483427574e+18
4,2020-09-30 06:56:54,Inno_Trends,Die Marktplatzwelt 2020 – Kostenlose Studie zum Thema elektronische Marktplätze https://t.co/MSwoJLvmgk #Digitalisierung #DigitaleTransformation #Amazon #eShops #WebShop #eCommerce #Trendstudie #Studie #ElektronischerMarktplatz #eBusiness,1.311198317095813e+18
5,2020-09-30 07:00:10,MagdaDJG,"AUTORES INDIE A.B.
EYREEN de 
@Daniel_G_Segura
@ADVANCEBOOKS777
@JARios_autor
@MagdaDJG
#kindleunlimited #autoresindie  #libros #leer 
#Amazon : 
 https://t.co/lMpZll5Ixg
EDITORIAL: https://t.co/tqY0bPO4ZV https://t.co/HaTVP3dYrc",1.3111991381309317e+18
6,2020-09-30 06:56:15,Buch_Bestseller,Aus Liebe zu Deutschland: Ein Warnruf von Hamed #Abdel-Samad https://t.co/iw3XFmOIaW hat sich seit 1h um 4 Plätze auf Platz 37 der #Amazon #Bestseller verbessert.,1.3111981551243756e+18
7,2020-09-30 06:50:46,jaumegaldeano_,"Competencia obliga a #Amazon a cumplir con la normativa postal. Desarrolla servicios de paquetería y mensajería del mismo modo que un operador postal, como #Correos, #seur o #MRW

https://t.co/7GsT9pcXlL",1.3111967756765102e+18
8,2020-09-30 06:50:22,elsuperchollo,"🏆Descuento de campeonato🏆 #Amazon 

New Balance - 997h N, Zapatillas para Mujer 

⚡️ Super descuento ⚡️ 32% 

💵 Precio desde 19,25 EUR

🔰 Enlace: https://t.co/DAJmYKu8mw 

🌐 https://t.co/zeXWO3q2Vl https://t.co/dEBEBWUz6y",1.311196672538669e+18
9,2020-09-30 06:58:26,eprotothema,"#Amazon is More Than An Online Store (infographic)
  https://t.co/QQ7qAJDEdZ https://t.co/IBS7nWQzV9",1.3111987029466563e+18
10,2020-09-30 07:00:03,YabRock,Animals / #PinkFloyd https://t.co/KaZ7VhSCvU #ProgressiveRock #ProgRock #アマゾン #Amazon #AmazonJP,1.311199110519599e+18
11,2020-09-30 07:00:09,JARios_autor,"AUTORES INDIE A.B.
EYREEN de 
@Daniel_G_Segura
@ADVANCEBOOKS777
@JARios_autor
@MagdaDJG
#kindleunlimited #autoresindie  #libros #leer 
#Amazon : 
 https://t.co/sniMwBfGdV
EDITORIAL: https://t.co/RfyPR2tSpX https://t.co/ufqeWQ7aN2",1.3111991370906788e+18
12,2020-09-30 06:59:35,kakicchysmusic6,https://t.co/MaMFRamliO: In the Evening: kakicchysmusic: MP3 Downloads https://t.co/OorsutrQE2 #Amazon #Prime,1.3111989931924193e+18
13,2020-09-30 06:57:28,Sabat0m,I see #Amazon are jumping on the 'advertising weird shit' bandwagon. https://t.co/6rKDlr2fFF,1.311198461530968e+18
14,2020-09-30 06:55:05,DevanshDigital,"RIN Detergent Bar - 250 g (Pack of 4) by #RIN 

https://t.co/9d7o3yt95G via @amazonIN 

M.R.P.:₹ 56.00
Price:₹ 53.00 Pantry badge
You Save:₹ 3.00 (5%)
#Amazon #Detergent #Bar #DetergentBar #Soap #BigBar",1.3111978620263055e+18
15,2020-09-30 06:54:42,AmazonxTshirts,"keep yapping, man. Tuesday's Presidential Debate T-Shirt

Available on #Amazon
10 colors All sizes
Order: https://t.co/hLL5Z4aHxa 👈

 #Debates2020 trump #debates #Debate2020 biden #DebateTuesday green new deal #BidenHarris2020 #biden #Biden2020 https://t.co/JM8wDykQar",1.3111977639385088e+18
16,2020-09-30 06:50:53,manishnajkani1,"#AmazonSpinandWin #AmazonQuiz @manishnajkani1 
i played AmazonSpinandWin Quiz at Fanzone of Amazon &amp; eligible to win this lucky draw.
Thank You #Amazon @amazonIN 
#AmazonGreatIndianFestival #AmazonDeals #amazonprime 
#QuizTimeMorningsWithAmazon https://t.co/D0PDPERCt8",1.3111968032497623e+18
17,2020-09-30 07:00:10,JARios_autor,"AUTORES INDIE A.B.
EYREEN de 
@Daniel_G_Segura
@ADVANCEBOOKS777
@JARios_autor
@MagdaDJG
#kindleunlimited #autoresindie  #libros #leer 
#Amazon : 
 https://t.co/sniMwBfGdV
EDITORIAL: https://t.co/RfyPR2tSpX https://t.co/VgtTUKYkvM",1.3111991384244224e+18
18,2020-09-30 07:00:00,alc_press,"【本日23:59まで！電子書籍】アルクの語学書14点がお得に購入できるチャンス！セール会場で対象タイトルをチェック！
https://t.co/P8mrCxB8qU
#amazon #タイムセール #英語学習　#kindle #TOEIC #TOEFL #通訳 #ビジネス英語 https://t.co/ifsBPKkhMS",1.311199098511528e+18
19,2020-09-30 06:52:59,yui1maria3313,"#ジゴサタ2巻
え？ポイントで買えたんじゃ···？？？
今日になって勝手にスマホ決済にされて足りない？？？
は？
何言ってるの···？？？？
#Amazon",1.3111973313001267e+18
20,2020-09-30 06:56:23,sellers_online,"#LG #LGContestAlert #LGFridgeJeeto #wednesdaymorning #WednesdayWisdom #Amazon #AmazonIndia Check out LG 260 L 3 Star Frost Free Double Door Refrigerator (GL-I292RPZL, Shiny Steel, Smart Inverter Compressor) by LG pl. RT https://t.co/lbnaVmPXM3 via @amazon",1.3111981867830272e+18
21,2020-09-30 06:55:10,ginta61,"楽天ランキングNo,1
50枚入り【送料無料】
大量マスク買いはこちらです(·ω·）

https://t.co/1zGrICfgkO

#Amazon
#マスク
#楽天
#コロナ",1.3111978795669135e+18
22,2020-09-30 06:52:01,_BeyondWhy,"We got another free giveaway for u.. 
 
""Electromagnetic theory for Complete Idiots"" is #FREE for the next 24 hrs ( PDT) . 

Grab it Now. 

https://t.co/CkmbJoHaoJ

#Electromagnetism #Electrical #Engineering #Physics #Amazon #Ebook #Kindle #BeyondWhy",1.3111970886511985e+18
23,2020-09-30 06:53:10,MajorGeneralPC,Amazon unveils drone that films inside your home. What could go wrong? https://t.co/IeWJyv70kk via @economictimes #Amazon,1.3111973792619028e+18
24,2020-09-30 06:52:00,ForkandPhone,From personal care items to the latest tech gadgets there are 36 Amazon product categories - selling in the top six profitable categories on Amazon will help boost sales. @sellbrite @wmharris101 @MichaelUgino #ecommerce #amazon https://t.co/urDU4AZ8RM,1.3111970854007972e+18
25,2020-09-30 06:58:41,SatyarthPoddar,"I ordered some stuff through @amazonIN Pantry.
Was shocked to see so much non-biodegradable plastic used to deliver the products and only one small currogate box. 
#Amazon #ClimateChange https://t.co/HoFiDuTswl",1.3111987660498903e+18
26,2020-09-30 06:58:30,XperienceDope,"Blasting H.E.R. - Lights On right now on Pretty Dope Xperience Radio aka #BlackPandora

listen now and catch a wave!! https://t.co/VqKFopeoex  #nowplaying #np #RT  #NowStreaming #Streema Download Now #Alexa #GooglePlay #iOSAppStore #Amazon #",1.3111987191744676e+18
27,2020-09-30 06:56:06,rakten_kaden_,"09/30 15:56

Panasonic 消臭・抗菌加工「逃がさんパック
【楽天】965円
【Amazon】972円

★楽天で購入すると★
 7円 お得（お得率1％）

↓お得な情報を一覧で確認出来るサイト
https://t.co/kMQYxgL6Rh

#楽天市場 #Amazon #お得 #せどり https://t.co/JEOj8IlBLB",1.3111981152700744e+18
28,2020-09-30 06:51:05,rakten_kaden_,"09/30 15:51

レビュー記載で洗剤プレゼント♪ 洗濯機 7kg ア
【楽天】29800円
【Amazon】30800円

★楽天で購入すると★
 1000円 お得（お得率3％）

↓お得な情報を一覧で確認出来るサイト
https://t.co/kMQYxgL6Rh

#楽天市場 #Amazon #お得 #せどり https://t.co/4Bl2cAie1x",1.311196855208784e+18
29,2020-09-30 06:52:26,TannieLowe,Enter for a chance to #win a $50 #Amazon #giftcard and a #paperback from #USAT #bestselling #author @EvaPohler https://t.co/eW9LfTO6wp,1.3111971923301745e+18
30,2020-09-30 06:57:17,tyoromatsu,"NT デザインナイフ D-1000P https://t.co/scDWNW0WBr #Amazon

二ドール側がヘタってきたのでそろそろ買い換えようかしらね

アルミボディでけがき針としても使えるのでオススメですわゾ",1.3111984160854753e+18
31,2020-09-30 06:52:12,tomy_oto,"Amazon先生ありがとう🥺

ありがとうー✨

#BUMPOFCHICKEN 
#アカシア 
#Amazon https://t.co/4mwKPmAr6i",1.3111971338657997e+18
32,2020-09-30 06:51:36,manjukr66,Dear @amazonIN  when i tried to login to page in my laptop its directing to create new passwrd!! i mean why ? why its directing to create new one when i entring right passwrd ? whats login. i know its secured but now #amazon login getting frustrated hate to login often in laptop. https://t.co/oyX7M9TaBQ,1.3111969858488197e+18
33,2020-09-30 06:56:30,Digital_Decor,"'Cluster of Galaxies' by David Petersen
 
My #art #books are available from #Amazon as well as https://t.co/hHRky8vPQg and https://t.co/FvvXPKYWYy

#artist #artwork #animation #digitalart #artshare #creative #writingcommunity #fractals #wednesdaymorning https://t.co/6jOoUAe7fc",1.311198216713638e+18
34,2020-09-30 06:59:16,DevanshDigital,"Online shopping for Shampoo  Pantry: Beauty at https://t.co/4xUANtdsES 

https://t.co/3nGTmBbtVx via @amazonIN 

#Amazon #AmazonPantry #Beauty #Shampoo #Pantry #Vatika #Sunsilk #Dove #Loreal #Himalya #Dabur #ManyMore",1.3111989150776648e+18
35,2020-09-30 06:58:53,JemimaPassmore,@AFPresson These are MY favourite. They are only available on #Amazon https://t.co/R40eMQRkHl,1.3111988162263777e+18
36,2020-09-30 06:54:35,XperienceDope,"Blasting H.E.R., YG - Slide (Club) right now on Pretty Dope Xperience Radio aka #BlackPandora

listen now and catch a wave!! https://t.co/VqKFopeoex  #nowplaying #np #RT  #NowStreaming #Streema Download Now #Alexa #GooglePlay #iOSAppStore #Amazon #",1.3111977363064545e+18
37,2020-09-30 06:55:35,qZfYsotFuEcHAPF,"出たでた！
マナブさんの本
ブロガーや元引きこもりとしてもコレは買いでしょう！

億を稼ぐ積み上げ力 https://t.co/yAVGXnMoTu #Amazon",1.3111979853304422e+18
38,2020-09-30 07:00:09,ADVANCEBOOKS777,"AUTORES INDIE A.B.
EYREEN de 
@Daniel_G_Segura
@ADVANCEBOOKS777
@JARios_autor
@MagdaDJG
#kindleunlimited #autoresindie  #libros #leer 
#Amazon : 
 https://t.co/XJQ3ERk8Vh
EDITORIAL: https://t.co/NpX76b76nd https://t.co/9KgeIUoRZJ",1.3111991377113907e+18
39,2020-09-30 06:56:33,hispachollos,"🌀 Ariel Allin1 Pods Color - Detergente en cápsulas para la lavadora, óptimo para mantener el color y brillo de tus prendas, 108 Lavados. #Amazon 🇪🇸

💶 Precio oferta: 24,99€ 💥 (PVP normal: 33,49€)

💳 Enlace: https://t.co/ccy5UMHvl6 ...
https://t.co/7LB0vQCUEB
#chollo",1.3111982280844042e+18
40,2020-09-30 06:52:05,SecurityKit,"Blockchain technology now powers a ...

More: https://t.co/GjjwhxAhfK

#Amazon #AT #Based #Bedroom #Brand #Business #Cameras #Character #Conditions #Control #Designed #Digital #Door #Features #Force #Google #Head #Indoor #Internet #Key #Life #Mobile #Nest #Offer https://t.co/ruvVZc3pLi",1.3111971037843702e+18
41,2020-09-30 07:00:00,yuki_nagase,"【コンドーム】ベスト10
サガミオリジナル 0.02ミリ 20コ入
https://t.co/hAEwitI8aL #Amazon",1.3111990998451077e+18
42,2020-09-30 06:56:47,dpfp_follow,"【秘書からの試験】Amazon人気商品、いくつ知ってる？(2018/12/18)

政治家とは思えないほど気さくで明るい玉木代表☺️

#たまきチャンネル #国民民主党 #玉木雄一郎 #つくろう新しい答え #Amazon

YouTube📺
https://t.co/kvDHkcL3eT https://t.co/tWq9VnjA1U",1.311198287647527e+18
43,2020-09-30 07:00:06,yuki_nagase,"【コンドーム】ベスト10
オカモトゼロツー0.02 スタンダード 12コ入
https://t.co/vbHZi6P4Lg #Amazon",1.3111991222342902e+18
44,2020-09-30 06:57:26,LadyKathryn10,All I want for Christmas to get a few reviews on my book. #aqueensjewel #Amazon #KindleUnlimited #Kindle,1.3111984524333875e+18
45,2020-09-30 06:51:37,elsuperchollo,"Esto es la 💣 #Amazon 

Puma - Essentials+ Fitted tee Camiseta de Manga Corta Mujer 

Rebajón del 50% 

💵 Precio desde 12,37 EUR

🔰 Enlace: https://t.co/8J8Oin8jbQ 

🌐 https://t.co/i4gX76XJ65 https://t.co/udFmfqMxBa",1.3111969897161564e+18
46,2020-09-30 06:53:37,Hyuga0128,"@HarukiKai0628 Amazonほしい物リストを一緒に編集しましょう https://t.co/h6lykJzKKg… #Amazon

#ピコンしか勝たん",1.311197493334438e+18
47,2020-09-30 06:59:18,manishnajkani1,"#AmazonQuiz @manishnajkani1
I played Handicrafts Mela Quiz on Amazon-Play games at Amazon FunZone &amp; eligible to win 20000 Amazon Pay Balance.  https://t.co/S6JbnPHRnd
#AmazonGreatIndianFestival 
Thank You #Amazon @amazonIN",1.311198922535125e+18
48,2020-09-30 07:00:01,nasayihsuso,"精力剤, ダイエットサプリのレビュー募集中💃
⚠媚薬, 育毛はご案内一時停止中⚠

報酬800円💰
商品代+800円
手数料は販売元様負担👍

精力剤は複数あるので、お取引経験ある方のご参加も可👌
新規垢もOK👌ご連絡お待ちしておりますm(_ _)m

#Amazon
#amazonレビュー 
#レビュー募集 
#無料
#報酬 https://t.co/UO31L9miKO",1.311199101053055e+18
49,2020-09-30 06:53:07,ShalimarAOrion,"Candy corn #ombre on @3dRoseLLC
And @amazon! https://t.co/ZXz0Pqxvox
Sold! Thank you to the buyer!
#amazon #3drose #candycorn #halloween #facemask #candy",1.311197366033068e+18
,date,screen_name,tweet,tweet_id
0,2020-09-30 06:48:15,FinemorningPh,"Amazing health benefits of Pomegranate.
#anafine #finemorningpharma #yoga #herblife #yogalife #yogaeverywhere #meditation #constipationrelief #immunity #hemorrhoids #ayurvedalifestyle #laxatives #gastricproblem #ayurvedicproducts #herbal #share #amazon #Pomegranate https://t.co/IyRBRWtkmk",1.3111961403778376e+18
1,2020-09-30 06:49:30,AmazonxTshirts,"Available on #Amazon
10 colors All sizes
Order: https://t.co/j5mXMC3l9D 👈",1.3111964544390595e+18
2,2020-09-30 06:49:07,CIOReview_India,"#Amazon Brings New #BiometricPayment System

To rival retailers and also promote a replacement for badge entry at stadiums or workplaces, Amazon unveiled a new biometric #paymentsystems to be made available using palm recognition.

Read more: https://t.co/1cFrEi3yIf https://t.co/8CasCitb3G",1.3111963591065928e+18
3,2020-09-30 06:47:53,h_bartolucci,"« Permettez-moi de vous demander votre main ! » le nouveau paiement biométrique testé par  #Amazon
  #innovation  #payment https://t.co/ZKMhXY0NkQ",1.3111960487114465e+18
4,2020-09-30 06:48:07,creativemm12,"👉https://t.co/CzQXc5u6mj #amazon👈
💯👉Auto Follower👈💯
💯👉#自動相互フォロー👈💯

#TeamFollowBack
#Yankees
#Titans
#Hillary #Clinton
#固定ツイートRT
#followergenerator
#相互リツイート
#autofollower
#1000ADay
#フォロバ100パーセント
#FollowNGain
#500ADay",1.3111961087191572e+18
5,2020-09-30 06:48:17,SpamMagnetBot,I want to know more about hot football #Amazon,1.3111961512663245e+18
6,2020-09-30 06:43:39,nbaeumer,"#Amazon #EventBridge Schema Registry now adds support for #JSON Schema, allowing customers to validate, annotate, and manipulate JSON documents conforming to JSON Schema Draft 4 specification.

#aws https://t.co/TU5E8Rs4iw",1.3111949848639939e+18
7,2020-09-30 06:49:36,mrugesh29,IoT News – Semtech and #Amazon Collaborate to Provide Low Power Connectivity for Consumer Applications on Amazon Sidewalk – IoT Business News https://t.co/GWq1WOPelq via,1.311196480535888e+18
8,2020-09-30 06:46:22,CoolDealCA,"💲💰
28oz. Suave 2-in-1 Shampoo and...
#New  price $2

# #Deals #new #Deals #Discounts #Amazon  #Deal #ganga

 https://t.co/J3JsDPOj1s",1.3111956673778606e+18
9,2020-09-30 06:47:47,XperienceDope,"Blasting IV JAY - No Fun  right now on Pretty Dope Xperience Radio aka #BlackPandora

listen now and catch a wave!! https://t.co/VqKFopeoex  #nowplaying #np #RT  #NowStreaming #Streema Download Now #Alexa #GooglePlay #iOSAppStore #Amazon #",1.3111960244809032e+18
10,2020-09-30 06:42:05,GraemeAthena,#Win an #Amazon Gift Card in our #Twitch #Games #Giveaway via @sffbookbonanza: https://t.co/Cr4LeCJum7,1.3111945879275807e+18
11,2020-09-30 06:45:44,vvv3103vvv,"届いた♫
OJBSEN iPhone XR ケース iPhone XR... https://t.co/6u9g1ZowDh #Amazon",1.311195505804718e+18
12,2020-09-30 06:46:17,TheInStockRoom,"***New Deal***
28oz. Suave 2-in-1 Shampoo and...
New price $2
https://t.co/FY22gBhev0
#Deals #newDeals #Discounts #Amazon https://t.co/MRvi9qu3CM",1.311195644854448e+18
13,2020-09-30 06:44:10,DevanshDigital,"Comfort After Wash Fabric Conditioner Pouch, 2L by #Comfort 

https://t.co/rd8lhx3Os3 via @amazonIN 

M.R.P.:₹ 415.00
Price:₹ 400.00 (₹ 200.00 / l) Pantry badge
You Save:₹ 15.00 (4%)
#Amazon #AfterWash #Fabric #Conditioner #Pouch #FabricConditioner #AmazonPantry",1.3111951131298324e+18
14,2020-09-30 06:45:23,mijames82,"Last Chance! Would you like to win a $50 Amazon Gift Card or PayPal Deposit? Check out this easy entry Gleam giveaway for a chance to #WIN

Open Worldwide

@GooseGiveaways #wingiftcard #wincash #amazon #paypal #winmoney #sweepstakes #giveaways https://t.co/ubznngqmFg",1.3111954213442355e+18
15,2020-09-30 06:47:36,Tarrako1162,"🔥CHOLLO! #Amazon | Coche y motos

📢Total ACTOT5W305L Aceite DE Motor Quartz INEO ECS 5W30 5 litros, 5L

Entrega GRATIS el viernes, 2 de oct. para miembros de #Prime

   ❌ Antes: 58,70€
   🔥 PRECIO OFERTA: 31,18€🔥 -47%
   🔰 Enlace: https://t.co/WWbxJoEpYX https://t.co/2fY0NvCyaf",1.3111959778821775e+18
16,2020-09-30 06:46:10,goki04205132,"式波・アスカ・ラングレー https://t.co/22JDULlmck EVA 1/7スケール PVC&amp;ABS製塗装済み完成品フィギュア https://t.co/u6CxzUQJGK #Amazon 
可愛い",1.3111956180023992e+18
17,2020-09-30 06:44:24,roomminato,"10月13日14日何の日でしょうか😀？
正解はAmazonプライムデー！！
プライム会員だけのセールで私もいつもお得な商品たくさん買っています！！
今のうちに会員になっておきましょう👍

https://t.co/dSLn5KgdSY

#Amazon #AmazonPrimeDay #アマゾン #アマゾンプライム",1.3111951736284365e+18
18,2020-09-30 06:43:35,sayuki_392525,"@news_lose 夫は司法書士資格取得に向け
仕事プラス日々勉強しています📝

今春法律が改訂され
新たな参考書が必要で
現在お小遣いから買っています👛

私の出来る事は
お小遣いの手助けなので
アマギフを貯めて
プレゼントしたいです🤗

ご縁がありますように🙏

#アマギフ #Amazon
#まいてつLR",1.3111949683216015e+18
19,2020-09-30 06:45:23,OnlyGearBest,"🌟 [𝗢𝗻𝗹𝘆 𝗚𝗲𝗮𝗿𝗯𝗲𝘀𝘁] 🌟

🔊 Samsung Crystal UHD 2020 55TU7005- Smart TV de 55"" con Resolución 4K, HDR 10+, Crystal Display, #amazon

🌍 Enlace: https://t.co/IUt9sIyKFd

Te esperamos en telegram: https://t.co/mPaN5u2fFj https://t.co/983Sz6J7Qy",1.3111954193812398e+18
20,2020-09-30 06:46:55,oztoreca,"Amazonで
『グレイトレジェンド』
予約開始🔥🔥
あのデジモンが
ぎっしり収録されてるみたいですよ👍
#デジモンカード　#Amazon

https://t.co/utnlgbLLFA",1.3111958037093704e+18
21,2020-09-30 06:41:53,DevanshDigital,"Ariel Complete Detergent Washing Powder - 4Kg Value Pack by #Ariel 

https://t.co/Dk1FWMuffP via @amazonIN 

M.R.P.:₹ 630.00
Price:₹ 550.00 (₹ 137.50 / kg) Pantry badge
You Save:₹ 80.00 (13%)
#Amazon #Complete #Detergent #WashingPowder #Washing #ValuePack #AmazonPantry",1.3111945371722383e+18
22,2020-09-30 06:47:47,pahalattire,"Pahal Attire Women Kurta and Pant Set 

Get thi Kurta pant set from Amazon and Flipkart

#pahalattire #womenclothing #womenfashion #style #fashion #newcollection #kurtiIndia #onlineshopping #Jaipur #buy #Amazon #Flipkart 

https://t.co/mjAhS6RJXz #buyonflipkart via @Flipkart https://t.co/orX6MvZsPC",1.311196023272829e+18
23,2020-09-30 06:46:05,rakten_kaden_,"09/30 15:46

＼高評価レビュー多数／洗濯機 7kg 全自動 IA
【楽天】29800円
【Amazon】30800円

★楽天で購入すると★
 1000円 お得（お得率3％）

↓お得な情報を一覧で確認出来るサイト
https://t.co/kMQYxgL6Rh

#楽天市場 #Amazon #お得 #せどり https://t.co/lml6jxKcjf",1.3111955952105144e+18
24,2020-09-30 06:47:19,FinemorningPh,"Here is the amazing benefits of Tulsi. 
#anafine #finemorningpharma #yoga #herblife #yogalife #yogaeverywhere #meditation #constipationrelief #immunity #hemorrhoids #ayurvedalifestyle #laxatives #gastricproblem #ayurvedicproducts #herbal #share #amazon #Tulsi #Basil https://t.co/25881Frmd3",1.3111959059245588e+18
25,2020-09-03 18:26:48,LenovoLegion,"Lenovo Legion x @PlayApex
Now is your chance to rise above the rest. 
Unmatched performance, purposeful engineering, modern design.
Gear up with a machine as savage as you are.
Stylish outside.
Savage inside.",1.301587465258578e+18
26,2020-09-30 06:44:04,XperienceDope,"Blasting Riggz, Big K.R.I.T. - Chill (Club) right now on Pretty Dope Xperience Radio aka #BlackPandora

listen now and catch a wave!! https://t.co/VqKFopeoex  #nowplaying #np #RT  #NowStreaming #Streema Download Now #Alexa #GooglePlay #iOSAppStore #Amazon #",1.3111950877334282e+18
27,2020-09-30 06:41:39,CholloLinkES,"‍BAJADA DE PRECIO ❗️🔸 #Amazon | #Instrumentos
📣Kmise - Ukelele tenor, 66 cm, madera maciza de caoba, puente de palisandro, mate

⛔️ PVP: 41,50€ 
 ✅PRECIO OFERTA: 25,79€ 

   ⤵️ Link de compra
   🌐 https://t.co/4ngcrRv6Kn

Visto en https://t.co/JpQzg3pNYP https://t.co/U9hydTTw72",1.31119448050312e+18
28,2020-09-30 06:48:21,ShalimarAOrion,"It's a boy! #design on @3dRoseLLC and @amazon!
https://t.co/7C40KPEQcI
Sold 2! Thank you to the buyers!
#amazon #3drose #babyshower #family #giftguide #giftideas #baby #preggers #itsaboy",1.311196166856405e+18
29,2020-09-30 06:41:53,creativemm12,"&lt;Current Weather&gt;
Dallas
Temperature: 58.98°F/ Status: clear
👉https://t.co/oRTsFtEew4 #amazon👈
💯👉Auto Follower👈💯
💯👉#自動相互フォロー👈💯

#followergenerator
#Astros
#Eric #Trump
#National #Coffee #Day
#フォロバ100パーセント
#followermachine
#相互",1.3111945374406246e+18
30,2020-09-30 06:44:12,indstartupnews,"Amazon Launches Its New Feature ‘Amazon Preview’ In India

The feature would allow the subscribers to watch behind-the-scenes and preview clips of the upcoming prime shows.

#amazon #PrimeVideo #amazonpreview #eCommerce

Read the full story here:

https://t.co/prm4kKYZSC",1.3111951226467533e+18
31,2020-09-30 06:41:38,rinoborini,#Amazon One: Palm-scanner payment system trialed at Amazon Go Seattle - Business Insider https://t.co/lQtJYDlwie,1.3111944761493832e+18
32,2020-09-30 06:44:22,Sorashta8635,"NZXT ミドルタワーPCケース GUARDIAN921RB-BL ブルー発光モデル https://t.co/quT6gckvoc #Amazon

このパソコンケース余ってるんだけど欲しい人いる？",1.311195161968304e+18
33,2020-09-30 06:45:25,MenudoPaquete,"🌟 [𝗠𝗲𝗻𝘂𝗱𝗼 𝗣𝗮𝗾𝘂𝗲𝘁𝗲] 🌟

🔊 Samsung Crystal UHD 2020 55TU7005- Smart TV de 55"" con Resolución 4K, HDR 10+, Crystal Display, #amazon

🌍 Enlace: https://t.co/OZe9AjEwfQ

Te esperamos en telegram: https://t.co/IbEojfZpa4 https://t.co/Yhtugyj0Jh",1.3111954270107443e+18
34,2020-09-30 06:49:04,AmazonxTshirts,"He’s Putin’s puppy, Tuesday's Presidential Debate T-Shirt

Available on #Amazon
10 colors All sizes
Order: https://t.co/j5mXMC3l9D 👈

 #Debates2020 trump #debates #Debate2020 biden #DebateTuesday green new deal #BidenHarris2020 #biden #Biden2020 https://t.co/lyXny02MFk",1.311196347278725e+18
35,2020-09-30 06:46:03,kalenlovesutoo,"@okanenotsubo @yurika_0525 アマギフほしいです( ᵒ̴̶̷᷄௰ᵒ̴̶̷᷅ )
#Amazonギフト券  #プレゼント企画  #懸賞 ⁠  #プレ企画 #アマギフ #Amazon #ギフト券",1.3111955869351526e+18
36,2020-09-30 06:49:40,DevanshDigital,"Ariel Matic Liquid Detergent, Front Load, 2 Litre by #Ariel 

https://t.co/n9RIrseBzd via @amazonIN 

M.R.P.:₹ 420.00
Price:₹ 357.00 (₹ 178.50 / l) Pantry badge
You Save:₹ 63.00 (15%)
#Amazon #AmazonPantry #Matic #ArielMatic #Liquid #Detergent #FrontLoad #LiquidDetergent",1.3111964961848443e+18
37,2020-09-30 06:47:22,hispachollos,"🌀 Masthome tabla de cortar de bambú con ranura para jugo y mango, ideal para carne, verduras, frutas - 1 afilador de cuchillos y 1 cuchillo como un regalo [4 piezas]. #Amazon 🇪🇸

💶 Precio oferta: 22,08€ 💥 (PVP normal: 39,76€)

💳 Enl ...
https://t.co/nAyTxdp16a
#chollo",1.311195919677821e+18
38,2020-09-30 06:46:22,DevanshDigital,"Rin Ala Bleach - 500 ml by #RIN 

https://t.co/UBKzNXrrlj via @amazonIN 

Price:₹ 52.00 (₹ 104.00 / l) Pantry badge
#Amazon #AlaBleach #Bleach #Ala #AmazonPantry",1.3111956664088248e+18
39,2020-09-30 06:49:36,Sumi_IK,"IN WIN 915 フルタワーPCケース ブラック [IW-CF09B 915-Black] https://t.co/A78iyy9rij #Amazon
加湿器pc",1.3111964816053903e+18
40,2020-09-30 06:43:54,best_deals_US,"For your shopping plans:
CRAFTSMAN Shallow Socket, Metric, 1/4-Inch Drive, 5.5mm, 6-Point (CMMT43511),Full Polish

Offer price: $2.48 (17% OFF!)
Retail: $2.98

https://t.co/rzNBud2abJ

#Amazon #deals #RT https://t.co/hho5RX6YZQ",1.311195045173715e+18
41,2020-09-30 06:50:02,DebraUllrick,How could he do this vile thing to her? She trusted him. FOREWARNED https://t.co/1sPRyz5Fb3 #mystery #romance #Amazon,1.3111965905526129e+18
42,2020-09-30 06:45:24,reinadellowcost,"🌟 [𝗟𝗮 𝗿𝗲𝗶𝗻𝗮 𝗱𝗲𝗹 𝗟𝗼𝘄𝗰𝗼𝘀𝘁] 🌟

🔊 Samsung Crystal UHD 2020 55TU7005- Smart TV de 55"" con Resolución 4K, HDR 10+, Crystal Display, #amazon

🌍 Enlace: https://t.co/UtOgF3FeRr

Te esperamos en telegram: https://t.co/Jxndx9pJCJ https://t.co/qYZa0d9ndX",1.311195423231664e+18
43,2020-09-30 06:43:14,tenbaida,"【照明付きカメラ】

利益＋7000円✨

＃Amazon ＃楽天 ＃メルカリ ＃ラクマ ＃副業 ＃成り上がり ＃会社 ＃起業 ＃転職 ＃転売 ＃物販 https://t.co/N1lQOTDvE2 https://t.co/HsRL52OAO6",1.3111948796875612e+18
44,2020-09-30 06:49:14,Gajendr78504986,#amazonspecialsoneplusnord5g #Amazon https://t.co/QD3ID2EUiq,1.3111963904757514e+18
45,2020-09-30 06:49:18,SamarSaleel,"#job #Flipkart #Amazon
https://t.co/wZduootIO1",1.311196405868847e+18
46,2020-09-30 06:47:40,Inc42,"#RelianceRetail is reportedly in talks to raise $1 Bn from Middle Eastern sovereign fund Mubadala, and $20 Bn from #Amazon for a 40% stake. 

https://t.co/BqMj6xFahi",1.311195995208704e+18
47,2020-09-30 06:45:11,Tian_A1,"Technologie : #Amazon transforme votre main en carte de credit [ Le Nouvelliste ] Le groupe de Jeff Bezos compte ajouter la technologie a ses autres epiceries aux #Etatsunis (a #Chicago, #Sanfrancisco et New York, en plus des autres points a . https://t.co/uqFk7LNJbP",1.3111953700687708e+18
48,2020-09-30 06:46:59,elsuperchollo,"Gasta menos 💰 #Amazon 

Altavoces PC Sobremesa, ELEGIANT 10W Altavoz USB &amp;amp; Bluetooth para Ordenador con Cabl... 

💰 Rebajado al 28% 

💵 Precio desde 23,83 EUR (Amazon Prime)

🔰 Enlace: https://t.co/rOHnnRRJPU 

🌐 https://t.co/0XjonheMch https://t.co/zJkDVwAVUF",1.3111958206712832e+18
49,2020-09-30 06:47:02,smartec88210175,"Spot the Dot (Echo Dot)...#google #amazon #echodot #followme #love

Ask, Listen and play, compatible to just about anything https://t.co/1b3O7qVtu1",1.3111958353597317e+18
,date,screen_name,tweet,tweet_id
0,2020-09-30 06:35:22,kana_ogawa,"【アダルト雑貨】ベスト10
TENGA MEN'S LOUPE テンガ メンズ ルーペ 【スマートフォン用 精子観察キット】
https://t.co/DYN1WG2WQg #Amazon",1.3111928982521528e+18
1,2020-09-30 06:41:23,ChollosDescubre,"‍BAJADA DE PRECIO ❗️🔸 #Amazon | #Instrumentos
📣Kmise - Ukelele tenor, 66 cm, madera maciza de caoba, puente de palisandro, mate

⛔️ PVP: 41,50€ 
 ✅PRECIO OFERTA: 25,79€ 

   ⤵️ Link de compra
   🌐 https://t.co/qBnLUS1Ulu

Visto en https://t.co/HW2VwUc9d2 https://t.co/QnTHLrT0ba",1.3111944149168087e+18
2,2020-09-30 06:40:54,lachainesimpso1,"#Amazon置き配困ってる
#アマゾン
#Amazon https://t.co/JQNqElLzMv",1.3111942911510692e+18
3,2020-09-30 06:41:29,FForFree1,"#Axis Bank Instant Discount Offer on #Amazon #Pantry

Read more at: https://t.co/LilyRqUqn2
#FForFree",1.3111944379475436e+18
4,2020-09-30 06:39:05,RDielayer,"Ach sie werden so schnell erwachsen! 😍
Schon 19 Folgen alt der kleine Spatz!
https://t.co/pwlKmtoDxi
#Spotify #iTunes #Amazon #deezer #googlepodcast #Podcast #deutsch #Podcaster https://t.co/jkCghDX3j3",1.3111938358637076e+18
5,2020-09-30 06:34:26,Main_GS,"#Amazon presentó su nueva tecnología de reconocimiento de mano en dos de sus tiendas #AmazonGo en Seattle y prevé un uso más extendido en estadios, oficinas y otras partes. https://t.co/AO7VNtUNGa",1.3111926634425016e+18
6,2020-09-30 06:39:32,el_ofertazon,"🔥OFERTA🔥

Blink Mini, cámara de seguridad inteligente, resolución de vídeo HD 1080p, detección de movimiento y compatible con Alexa 

Antes 39,99€❌
Ahora 27,99€✅

⚠️Ahorras 12€⚠️

#Amazon 

➡️https://t.co/JJc9lwcHmO

Para más ofertas 👇🏻

 https://t.co/EtK2lyKaGZ https://t.co/vML5cRV71R",1.311193945838297e+18
7,2020-09-30 06:39:42,Cashcow_NL,"De veelgeroemde #FAANG-aandelen zijn de drijvende kracht achter de opvallende opleving van de Amerikaanse beurzen. Er zijn echter nog veel meer voorbeelden van dergelijke innovatieve bedrijven. https://t.co/DtcP6tBx9X
.
.
#beleggen #Facebook #Amazon #Apple #Netflix #Google https://t.co/bZfPEew1vU",1.3111939900463227e+18
8,2020-09-30 06:35:05,MagdaDJG,"AUTORES INDIE A.https://t.co/HdxhRUn1pL
TRATA DE TESTIGOS de la autora 
@martasebastian #amazon https://t.co/nAeuAsVXMY
¿Y si de la noche a la mañana tuvieras que desaparecer?
Amistad, amor, un buen trabajo...
@martasebastian @MagdaDJG
@ADVANCEBOOKS777 #Premioliter... https://t.co/xp0UETBVjn",1.311192826793939e+18
9,2020-09-30 06:39:19,achikochitei1,"「経済的弱者はさらに弱者へと転落する」GAFAが牛耳る“コロナ後の世界”の暗すぎる未来――文藝春秋特選記事
スコット・ギャロウェイ教授に聞く #amazon #GAFA #文藝春秋 #文春オンライン https://t.co/gsMLZMmmlI",1.311193890804777e+18
10,2020-09-30 06:38:14,DevanshDigital,"Online shopping for Fabric Care on Pantry: Health &amp; Personal Care at https://t.co/4xUANtdsES 

https://t.co/DizBpGA8Ak via @amazonIN 

#Amazon #AmazonPantry #Health #Personal #Care #FabricCare #Pantry #Fabric #PersonalCare #HealthCare #Deal",1.3111936189048054e+18
11,2020-09-30 06:34:30,Jai_neemuch,"You are sounding same like earlier. 99% order at this location having issue. #shameonyou #India #Pune #Delhi #Amazon #AmazonGreatIndianFestival @amazonIN @AmazonHelp #cnbc_awaaz 
#Pehredaar https://t.co/SyLeyZgHNS",1.3111926805467955e+18
12,2020-09-30 06:37:27,papita_ae,"Shop Now at P A P I T A Marketplace On AMAZON, NOON, CARREFOUR⠀⠀
#amazon #noon #carrefour⠀⠀
https://t.co/8f2oHEP16t ⠀⠀
https://t.co/kMrF8lDm4B⠀⠀
https://t.co/yAwvn7oGw4⠀⠀
#samsung #galaxy_s20 #deal_of_the_day https://t.co/SC7vtVZywt",1.3111934226199593e+18
13,2020-09-30 06:35:04,JARios_autor,"AUTORES INDIE A.https://t.co/2YpzXQwCzW
TRATA DE TESTIGOS de la autora 
@martasebastian #amazon https://t.co/3RuQwt0AyH
¿Y si de la noche a la mañana tuvieras que desaparecer?
Amistad, amor, un buen trabajo...
@martasebastian @MagdaDJG
@ADVANCEBOOKS777 #Premioliter... https://t.co/F9ye6wvhDD",1.3111928244451e+18
14,2020-09-30 06:35:27,kana_ogawa,"【アダルト雑貨】ベスト10
Soxeeh アナルプラグ アナル開発 エネマグラ 3点セット ステンレス製 肛門や前立腺マッサージャ 男女兼用 コスプレ用 SMアナル調教（ブルー）
https://t.co/RjVx9Lzjdg #Amazon",1.3111929200246907e+18
15,2020-09-30 06:35:16,kana_ogawa,"【アダルト雑貨】ベスト10
超大型 オナホール あらゆる体位 オナホ 非貫通 リアル2穴 ラブドール ゼリ胸+独特な骨格 おなほ 肉色 高級 柔らかい リアルドール 等身大背後位 乗騎位 肛門 美尻 肉感 男性用
https://t.co/LouKCz4y6Q #Amazon",1.3111928748647055e+18
16,2020-09-30 06:34:00,Tarrako1162,"🔥CHOLLO! #Amazon | #Zapatos

📢Clarks Cammy Glory, #Sandalias Punta Cerrada para Mujer. TALLA 40

   ❌ Antes: 79,95€
   🔥 PRECIO OFERTA: 29,06€🔥 -64%
   🔰 Enlace: https://t.co/K20h1LuKv7 https://t.co/n2LEPeSulg",1.3111925538495775e+18
17,2020-09-30 06:35:32,kana_ogawa,"【アダルト雑貨】ベスト10
バイブ 柔らかいローター バイブ ピストン バイブレーター完全防水 膣マッサージ 潮吹き電マ USB充電式 静音 強力 女性用10段振動 大人のおもちゃ アダルトグッズ 女性の大人のカップルのためのレ
https://t.co/aegZearim3 #Amazon",1.3111929419735e+18
18,2020-09-30 06:40:00,bsindia,"Ahead of the festive sale, @amazon pumps Rs 1,125 crore into its India unit

@PeerzadaAbrar reports
#Amazon 

https://t.co/hAzttTZU6j",1.3111940637652664e+18
19,2020-09-30 06:35:10,ADVANCEBOOKS777,"AUTORES INDIE A.https://t.co/YtnEltq8K8
TRATA DE TESTIGOS de la autora 
@martasebastian #amazon https://t.co/7pHRlWAPhN
¿Y si de la noche a la mañana tuvieras que desaparecer?
Amistad, amor, un buen trabajo...
@martasebastian @MagdaDJG
@ADVANCEBOOKS777 #Premioliter... https://t.co/YBmVOGhYMu",1.3111928487761674e+18
20,2020-09-30 06:35:11,kana_ogawa,"【アダルト雑貨】ベスト10
Cyomi 女装 下着 性転換パンツ （2代目-四角式-偽膣付き-導尿可） ショーツ 変性 変装用 コスプレ 女装好き 偽娘 女体化 男の娘 美尻 ヒップアップ 超リアル 尿道付き サイズM アジア系黄色
https://t.co/J0rOeeKJ6X #Amazon",1.3111928528235643e+18
21,2020-09-30 06:38:25,mlcottingham,"#sweepstakes
#Giveaway Time!

3 Lucky Winners Will Win a $50 #Amazon Gift Card

Hurry! Giveaway Ends on September 30th, 2020

by @lushescurtains https://t.co/iBjNyibpON",1.31119366492493e+18
22,2020-09-30 06:35:06,kana_ogawa,"【アダルト雑貨】ベスト10
Paloqueth ローション注入器 プラスチック シリンジ 10ml 注射器 ラブ注入 膣洗浄器 浣腸器 アナル洗浄 膣洗浄ローション注入 尿道プラグ 拡張 尿道オナニー 男女符号あり 2本セット
https://t.co/WSBAIY9fsp #Amazon",1.311192830111408e+18
23,2020-09-30 06:38:38,EscribeCatalina,"🔘https://t.co/UmZgEtuaWU

#30Sept #FelizMiercoles una #novela de #KatyNúñez #lee 🔹Ázdeli Lidot... y el jinete del unicornio🔷 
Opta al #PremioLiterario2020 en #Amazon #LiteraturaJuvenil #Kindle #KindleUnlimited vamos #motivationwednesday #VueltaAlCole2020 https://t.co/EnB2fUCPpq",1.3111937205203558e+18
24,2020-09-30 06:34:53,Parabellum9,"CURE 4Kデジタル修復版 Blu-ray https://t.co/9ynEcmbcsL #Amazon

ほしい٩( ᐛ )و",1.3111927785467126e+18
25,2020-09-30 06:35:06,goran7t,InterSystems IRIS Deployment Guide for AWS using CloudFormation template on @InterSystemsDev. #InterSystemsIRIS #AWS #Cloud #Amazon #DataModel #DevOps &gt;&gt; https://t.co/4DnSxHyGxH,1.3111928324898038e+18
26,2020-09-30 06:38:26,RetroGameSearch,"#Nintendo Mens Video Game Shirt - Mario, Luigi, Zelda, Kirby, and Donkey Kong Vintage Tee #Amazon #US #RetroGaming #RetroGames #RetroGameSearch
🔗 https://t.co/GV8zudFc0s *",1.311193669450584e+18
27,2020-09-30 06:36:04,rakten_kaden_,"09/30 15:36

ポット 電気 電気ポット 2.2L IAHD-02
【楽天】5181円
【Amazon】5281円

★楽天で購入すると★
 100円 お得（お得率2％）

↓お得な情報を一覧で確認出来るサイト
https://t.co/kMQYxgL6Rh

#楽天市場 #Amazon #お得 #せどり https://t.co/l9XvagLwem",1.3111930749665649e+18
28,2020-09-30 06:35:00,kana_ogawa,"【アダルト雑貨】ベスト10
Paloqueth アナル洗浄 浣腸器 浣腸シャワー グッズ 空気式浣腸器 手動ポンプ式 逆流防止 アナニーグッズ エネマシリンジ アナル刺激 除菌 便秘浣腸 腸快感 男女兼用 シリコーン製 280ml お尻クリーニング 洗浄器
https://t.co/KsHbfTnQVp #Amazon",1.3111928081290895e+18
29,2020-09-30 06:35:38,kana_ogawa,"【アダルト雑貨】ベスト10
セックスマシンチェア強力な金属フレームオナニーセックス家具は200kgのプッシュチェアバイブレーターを押すことができます， 自動マシンガンとシリコンディルドを備えたセックスチェア/スツール/チェア、リ
https://t.co/EeQuFLvvUB #Amazon",1.311192964043952e+18
30,2020-12-01 16:15:08,AnkerOfficial,"Anker Nano has been upgraded to 20W!
The new and improved Anker Nano can now charge your new iPhone up to 3× faster.",1.3338068503078339e+18
31,2020-09-30 06:40:30,dealsout,"#Amazon #Apple #iPad 

Pre-Order New Apple iPad (10.2-inch, Wi-Fi, 32GB) - Space Grey (Latest Model, 8th Generation)

₹ 29,900

Flat Rs.3000 instant discount with HDFC Bank Credit Card, Credit/Debit EMI transactions &amp; Flat Rs.1500 on HDFC Bank Debit Card

https://t.co/2m5SJ7F1Xv",1.3111941886884413e+18
32,2020-09-30 06:41:01,skaigr,Amazon One: Έρχονται συναλλαγές από... παλάμες- Πως θα πληρώνουμε με «διάβασμα» χεριών  #Τεχνολογία #Amazon #πληρωμές #Παλάμες #χέρια https://t.co/6ICWvNiyl1,1.3111943215725732e+18
33,2020-09-30 06:35:18,OfertacularRL,"‼️CHOLLO GRANDE ASICS‼️ 👁‍🗨 #Ofertacular #Amazon #chollo #oferta #ganga

⚫️ ASICS Patriot 11, Running Shoe para Hombre

🛒: ➡️ https://t.co/TRjS1Kdqq8 ⬅️ https://t.co/7gtcFop0RY",1.3111928837902582e+18
34,2020-09-30 06:35:48,kana_ogawa,"【アダルト雑貨】ベスト10
MISTINA(ミスティーナ) 天使の涙 ラブサプリ 女性用
https://t.co/1FjBbJhWkC #Amazon",1.3111930083441664e+18
35,2020-09-30 06:36:43,kimura_books,第一回大江健三郎賞受賞者、代表作は「猛スピードで母は」「ジャージの二人」 で有名な作家と言えば、長○○ https://t.co/SQJmINrtCA #books #amazon,1.3111932375755366e+18
36,2020-09-30 06:41:34,MaxiChollo,"‍BAJADA DE PRECIO ❗️🔸 #Amazon | #Instrumentos
📣Kmise - Ukelele tenor, 66 cm, madera maciza de caoba, puente de palisandro, mate

⛔️ PVP: 41,50€ 
 ✅PRECIO OFERTA: 25,79€ 

   ⤵️ Link de compra
   🌐 https://t.co/bTsv8p9qBe

Visto en https://t.co/HGTfnxg2wd https://t.co/jqv6UWLPBm",1.3111944596531814e+18
37,2020-09-30 06:38:02,spotthedealuk,#Amazon #UK 🇬🇧 Limited Stock Remains! #XboxOneX #Cyberpunk 2077 Limited Edition Bundle (1TB) https://t.co/NKOMfz8mMQ #Xbox #Gaming https://t.co/qLzjfpEFb7,1.3111935694330102e+18
38,2020-09-30 06:40:03,Lapequenaasia,"12 en 1  Equipo Multifuncional Plegable para Ejercicios en el hogar
Precio: 1️⃣7️⃣,8️⃣4️⃣€
#Amazon

👉https://t.co/XORwPqwZAH https://t.co/9QAnndE5bx",1.3111940763567677e+18
39,2020-09-30 06:38:48,blogosum,"#Books to cut the #road: This Heart of Mine (Chicago Stars Series Book 5) by Susan Elizabeth Phillips

 https://t.co/gFux6Ci0XY

 #amazon #amazondeals #deals #travel #goodbook #reading #story #book #readbooks #favoritebooks #motivation #inspiration https://t.co/rgBS0FkafW",1.3111937639523656e+18
40,2020-09-30 06:41:15,abhijeetpathak5,"An item today in Amazon grocery sales is offered at 195₹, priced 159₹. Amazing discount offered also highlighted on main page for advertisement #Amazon @amazon #AmazonIndia https://t.co/sEBKL3xeUv",1.3111943787155907e+18
41,2020-09-30 06:36:54,czubialde,"La CNMC dice que #Amazon es un operador postal. ¿Consecuencias? 
👇👇👇mi opinión https://t.co/sXETm1xKZ7",1.3111932840947098e+18
42,2020-09-30 06:36:11,benkok13,"avec @YaliBlog on a démêlé, le vrai du faux, la vérité de la légende. Bref, on aurai pu appeler ça, le #CloudGaming pour les nuls. 

#Sony #PSNow #Microsoft #Xbox #Xcloud #Amazon #Luna #Nvidia #GeForceNow #Google #Stadia #StadiaPro 

https://t.co/yb3LNhYolt https://t.co/S14s1XmFGa",1.31119310490146e+18
43,2020-09-30 06:38:19,hispachollos,"🌀 Altavoz Bluetooth Portátil, Altavoz inalámbrico con Sonido ESTÉREO (12 vatios de Altura), Graves Pesados, Tarjeta TF y Alcance Bluetooth de 66 pies, hogar, Exterior, Fiesta, Viajes. #Amazon 🇪🇸

🕘 PRECIO FLASH: 18,26€

💶 Precio ofer ...
https://t.co/PF6mXgP3Qj
#chollo",1.3111936394948444e+18
44,2020-09-30 06:35:22,readtiafanning,"“Til Grave Do Us Part” — A Fun and Spooky #Halloween #Spanking Story. 
🎃😈👻💀⚰️ ...🕵️‍♂️👮‍♂️👰
Are you kind of a brat? Or are you into sexy discipline? Do you happen to like ghost stories? Do you love romance novels? Then head over to #Amazon—its free on KU.

https://t.co/L3f4rHeoCJ https://t.co/VyIFBJm7t8",1.3111928972120883e+18
45,2020-09-30 06:41:21,IndSkillCapital,"Learn though our online course to Self-publish #ebooks and paperbacks for free with #Kindle Direct Publishing, and reach millions of readers on #Amazon. No limits on Earning.

Enroll now: https://t.co/yUMD3GnGL6

#amazon #kindle #selfpublishbook #paperbacks #publishing #readers https://t.co/J5opwyNdMG",1.3111944056178442e+18
46,2020-09-30 06:38:36,ykswld,DUNLOP(ダンロップ)バイクタイヤチ...今売れています！https://t.co/302FTiwpl2 #follow #sougo #Amazon #アマゾン,1.3111937139647037e+18
47,2020-09-30 06:36:45,flyingeze,"The Best Bike Shorts on Amazon
https://t.co/wgX6TSaY9r
 #Amazon #BikeShorts #Entertainment #FitnessShopping #Shopping #Shorts #WorkoutClothes",1.311193247138472e+18
48,2020-09-30 06:36:54,mofitzp100,"RT @cgledhill: #Amazon One lets you pay with your palm
#Fintech #payments https://t.co/o8kLHVoycR",1.311193284283437e+18
49,2020-09-30 06:41:04,rakten_kaden_,"09/30 15:41

(アウトレット)シャープ ふとん乾燥機 UD-CF
【楽天】13500円
【Amazon】16803円

★楽天で購入すると★
 3303円 お得（お得率24％）

↓お得な情報を一覧で確認出来るサイト
https://t.co/kMQYxgL6Rh

#楽天市場 #Amazon #お得 #せどり https://t.co/4rotNI8uFe",1.3111943350486548e+18
,date,screen_name,tweet,tweet_id
0,2020-09-30 06:30:19,OnlyGearBest,"🌟 [𝗢𝗻𝗹𝘆 𝗚𝗲𝗮𝗿𝗯𝗲𝘀𝘁] 🌟

🔊 Sony SRSXB01W, Altavoz Portátil (Compacto, Bluetooth, Extra Bass, 6H de Batería, Resistente Al  #amazon

🌍 Enlace: https://t.co/nApZzeeeDm

Te esperamos en telegram: https://t.co/mPaN5u2fFj https://t.co/vm0FXAZdq3",1.3111916267112899e+18
1,2020-09-30 06:32:19,sugoiigg,"#Amazon 
💥楽天売り切れ
Amazon在庫有り
✨都民に売れてます🎉
👀東京再発見
https://t.co/qzHioDOevq",1.3111921302372598e+18
2,2020-09-30 06:29:50,GeekayBikes,"STURDY #ProudlyIndian by Geekay Bikes is Exclusively on #amazon
Amazon: https://t.co/sViZhJw11c 
-&gt; Lifetime Frame Warranty
-&gt; Free Shipping

#geekaybikes  #MTBcycles #offroadcycle #cycling #cyclinglife #mtb #bikelife #gearedcycle #roadbike #cyclist #BICYCLE #Mountainbike https://t.co/hs5A5tuqgK",1.3111915063093617e+18
3,2020-09-30 06:30:00,HaideRizvi07,"Alpha Repricer cheapest repricer for Amazon India.

https://t.co/VCFZyTlphV

#Amazon #AmazonRepricer #AlphaRepricer #amazonindia #sellersofAmazon #fba #India #fbasellers #Mumbai #NewDelhi #Delhi #Chennai #Pune #Hyderabad #Bangalore https://t.co/UJMl7tDCI0",1.311191546880901e+18
4,2020-09-30 06:29:54,XperienceDope,"Blasting Jagged Edge, Ashanti - Put A Little Umph In It (Club) right now on Pretty Dope Xperience Radio aka #BlackPandora

listen now and catch a wave!! https://t.co/VqKFopeoex  #nowplaying #np #RT  #NowStreaming #Streema Download Now #Alexa #GooglePlay #iOSAppStore #Amazon #",1.3111915241689375e+18
5,2020-09-30 06:30:22,Chrissy_0928,GIVEAWAY! Enter to #win a $10 #Amazon gift card? Go enter the #giveaway daily for your chance to win from @thatsjustjeni Go enter   https://t.co/RCbdCAyLtG,1.3111916422217482e+18
6,2020-09-30 06:30:20,reinadellowcost,"🌟 [𝗟𝗮 𝗿𝗲𝗶𝗻𝗮 𝗱𝗲𝗹 𝗟𝗼𝘄𝗰𝗼𝘀𝘁] 🌟

🔊 Sony SRSXB01W, Altavoz Portátil (Compacto, Bluetooth, Extra Bass, 6H de Batería, Resistente Al  #amazon

🌍 Enlace: https://t.co/jqtf5Lujza

Te esperamos en telegram: https://t.co/Jxndx9pJCJ https://t.co/mEwfutIX6k",1.3111916305951867e+18
7,2020-09-30 06:29:08,akidamon68427,"@HarukiKai0628 そこにリスト載せていいのかな？って迷ってましたけど、載せて大丈夫なんですね✨

Amazonほしい物リストを一緒に編集しましょう https://t.co/iPBTTmYAcY #Amazon",1.3111913318683484e+18
8,2020-09-30 06:33:15,raato_mirratube,"Amazon購入品♪
今回はシャーペンで有名なクルトガの『非公式』ジャケットです！
クルトガをカッコよくカバーしてくれる商品です！シルバーも売ってました！気になった方は調べてみてはどうでしょうか。#シャーペン #amazon #文房具 https://t.co/bCLK3UMYd3",1.3111923644388884e+18
9,2020-09-30 06:30:21,MenudoPaquete,"🌟 [𝗠𝗲𝗻𝘂𝗱𝗼 𝗣𝗮𝗾𝘂𝗲𝘁𝗲] 🌟

🔊 Sony SRSXB01W, Altavoz Portátil (Compacto, Bluetooth, Extra Bass, 6H de Batería, Resistente Al  #amazon

🌍 Enlace: https://t.co/xI9TAvUAik

Te esperamos en telegram: https://t.co/IbEojfZpa4 https://t.co/VS4ot8kPcr",1.3111916344203018e+18
10,2020-09-30 06:33:13,desi_dime,"#Facescanada Belle De Luxe Jewel Cut Lipsticks, &amp; available in 15 irresistible shades, this one will last you all night long. 
https://t.co/r4Ya1GcizO

#offers #deals #shopping #makeup #Amazon #lipstick #AmazonDeals #onlineshopping https://t.co/jOU8mJnNNY",1.3111923558699254e+18
11,2020-09-30 06:30:12,XaviVelasco_,"#Amazon va a contratar a más de 100 trabajadores en #Madrid para su centro de desarrollo de software: así es como puedes acceder a uno de los puestos disponibles.

https://t.co/LnfnzDtCKi",1.3111915998299177e+18
12,2020-09-30 06:31:59,ABalharry62,"More positive cases in #Scotland's Amazon warehouse. (As an aside #Amazon's 'Fulfilment' Centre 🤔)
'NHS #Fife is providing an update after an additional 12 positive cases of #COVID-19 linked to the Amazon Fulfilment Centre in Dunfermline'
https://t.co/vqfjoHIsXH",1.3111920459823063e+18
13,2020-09-30 06:30:04,Dazeinfo,"This started when the Telecom Regulatory Authority of India submitted a list of recommendations on Cloud Service Providers, (CSPs) to the Department of Telecommunication. 
#news #technology #technews #google #microsoft #trai #cloudservices #amazon 
https://t.co/7ks4HwufC6",1.3111915642413056e+18
14,2020-09-30 06:31:09,CashmintIN,Redmi note 9 sale starts now  https://t.co/7GHnXr7BGj via #amazon https://t.co/IjNel1Mfws,1.3111918389220844e+18
15,2020-09-30 06:30:42,yuki_nagase,"【アダルト下着】ベスト10
テディ ランジェリー 過激 網目 超ハイレグ レオタード 穴あき 股開きベビードール 大きいサイズ オープンブラ 乳首 セクシー ナイトウェア レディースァッションアダルトグッズブランド 黒 [並行輸入品]
https://t.co/fHYOwmzhJc #Amazon",1.3111917262587003e+18
16,2020-09-30 06:31:04,rakten_kaden_,"09/30 15:31

PANASONIC ES-CWP82 シルバー 光
【楽天】69500円
【Amazon】71000円

★楽天で購入すると★
 1500円 お得（お得率2％）

↓お得な情報を一覧で確認出来るサイト
https://t.co/kMQYxgL6Rh

#楽天市場 #Amazon #お得 #せどり https://t.co/IxlK4S1Knj",1.3111918147543286e+18
17,2020-09-30 06:30:06,yuki_nagase,"【アダルト下着】ベスト10
Synlala セクシーランジェリー ベビードール 誘惑下着 シースルー ふわりとした可愛らしいひらひらの前開き V字胸元とバスト周りの透けレース 紐Tショーツ付き (ブラック)
https://t.co/xaFMLMi8Q1 #Amazon",1.3111915729904558e+18
18,2020-09-30 06:30:36,chlanter,Geschäft per Handschlag. Neue Bezahltechnik in Amazons Go-Store: Hand drauf! https://t.co/6A8YR3lEZQ via @t3n #shopping #Amazon,1.3111916988615885e+18
19,2020-09-30 06:30:22,yuki_nagase,"【アダルト下着】ベスト10
Beirou レディース tバック ショーツ セクシー レース 上品なお花模様の刺繡 ヒップハンガー 透けパンティー 下着 女性らしさ コーディネーター
https://t.co/3edQ4qNdOY #Amazon",1.3111916388955996e+18
20,2020-09-30 06:31:15,TheInStockRoom,"***New Deal***
Kim Possible
Reduced from $14.99 to $3.99
https://t.co/uxpWiBXsaT
#Deals #newDeals #Amazon https://t.co/5oXjEONhGk",1.3111918644947476e+18
21,2020-09-30 06:31:21,CoolDealCA,"💲💰
Kim Possible
Reduced from $14.99 to $3.99

# #Deals #new #Deals #Amazon  #Deal #ganga

 https://t.co/cDI6eAl3xr https://t.co/FyjKxbOQ9t",1.3111918890984858e+18
22,2020-09-30 06:29:25,ManuelNavarroSe,"==========
SEXTA PLANTA 
==========
Un nuevo 🆃🅷🆁🅸🅻🅻🅴🆁 policíaco de suspense.
De 
@ManuelNavarroSe

¡Disfrútala ya en #Amazon!
Gratis con #KindleUnlimited 
https://t.co/aWiO6bLvWX

#Novedad #lectores #libro #gratis #thriller #indieauthors #Septiembre https://t.co/G8RlRCgeUU",1.3111914004873093e+18
23,2020-09-30 06:31:47,chollosyoferta,"#Chollo #Amazon 62% DESCUENTO Sony BDV E4100   Equipo de Home Cinema 3D 5.1 de 1000W (HDMI), negro [importado]

Precio oferta: 434,06
Reacondicionado: 163,04

    👇👇👇👇👇👇👇
👉 https://t.co/ylwKSGZ7vu https://t.co/ulyhXUZxeN",1.311191997433213e+18
24,2020-09-30 06:29:13,Info_forever01,イヴサンローラン Yves Saint Laurent ラディアントタッチ 01 https://t.co/y5RqenGt8X Amazonだとお安い！(*´∀｀*) #amazon #beauty #beautiful #happy #life #cosme #bodycare #skincare #everyday #ysl #イヴサンローラン,1.3111913489685996e+18
25,2020-09-30 06:31:18,raghav_chandak5,"My #boatrockerz wireless #earphones which I bought in Feb with a one year warranty from #Amazon has stopped charging. 
Since the product is still in the warranty. I urge the concerned authorities to urgently look into the situation. @amazonIN @jagograhakjago  @boatint @amazon https://t.co/mWTpoDwlqA",1.3111918762805453e+18
26,2020-09-30 06:30:00,ICS_AG,"Guten Morgen,
""Es wird Zeit, dass Facebook, Google und Co. ihre Lobbynetzwerke in Europa offenlegen.” Transparenz steht nicht gerade ganz oben auf der Prioliste 
https://t.co/Mb84XrHTNe
#EU #BigData #Transparency #Lobbyismus #Facebook #Google #Apple #Amazon #Microsoft #Tech #US",1.3111915469480632e+18
27,2020-09-30 06:31:22,hari94411,"#AmazonQuiz 
#Amazon
@AmazonRetweet 
@amazonInQuiz 
@amazonIN https://t.co/cTCnZNss4u",1.3111918903356867e+18
28,2020-09-30 06:30:57,Neko_Nyan_Neko,"Amazonねこニャンの野望グッズなのだ‼️いつか手に入れる予定の配信アイテム✨
╭( ･ㅂ･)و ̑̑ ｸﾞｯ !＂

https://t.co/0z3VsGDxtw #Amazon",1.3111917883889377e+18
29,2020-09-30 06:32:07,fmhk460206,"Amazonさん、さすがにこれは資源の無駄使いではないでしょうか???

#Amazon
#梱包
#無駄
#資源
#リサイクル
#過大包装 https://t.co/mMlNE5Agt8",1.3111920805264425e+18
30,2020-09-30 06:30:16,yuki_nagase,"【アダルト下着】ベスト10
セクシーランジェリー 過激 ネグリジェ セクシー 下着 女性 セット 穴あきショーツ レディース オープンブラ 大きいサイズ レッド [並行輸入品]
https://t.co/guLBEcgdRj #Amazon",1.3111916169761587e+18
31,2020-09-30 06:33:51,XperienceDope,"Blasting Childish Gambino, 21 Savage, Khadja Bonet - 12.38 (Club) right now on Pretty Dope Xperience Radio aka #BlackPandora

listen now and catch a wave!! https://t.co/VqKFopeoex  #nowplaying #np #RT  #NowStreaming #Streema Download Now #Alexa #GooglePlay #iOSAppStore #Amazon #",1.3111925181979443e+18
32,2020-09-30 06:31:26,chollosyoferta,"#Chollo #Amazon 71% DESCUENTO Sony BDV E4100 Sistema di Home Cinema Blu Ray 3D, Nero

Precio oferta: 408,54
Reacondicionado: 117,36

    👇👇👇👇👇👇👇
👉 https://t.co/Ht0KdtBHUU https://t.co/LnoT6OpG2W",1.3111919083797012e+18
33,2020-09-30 06:33:30,ipublish1,"#StopBullying #Schooling #Parenting #Skills #StopRagging #psychology #mythology #BeInvincible #Amazon #TheWaiting #DipavaliSen #Upbringing #Children #LifeIssues #Life #Books 
https://t.co/0IG62b5gG8 https://t.co/icRhxOMk7K",1.3111924285487677e+18
34,2020-09-30 06:30:02,YabRock,MSG（神話） / The #MichaelSchenker Group https://t.co/niQaBqMpQA #HardRock #HeavyMetal #アマゾン #Amazon #AmazonJP,1.3111915562090824e+18
35,2020-09-30 06:33:20,readinglistbook,Read Me Before You  | Best All Ebook #Kindle #Free #Amazon #Books #Romance #Reading #Book #KindleUnlimited https://t.co/Aih9RNtDO6,1.3111923878136668e+18
36,2020-09-30 06:29:56,bopzaddi,@muhammadu_____ @instablog9ja Adidas Duramo slide for 4000 naira? The least you can even get at #Amazon without shipping is about 14000. While plus shipping is about 27000. Hmmm.,1.3111915326665974e+18
37,2020-09-30 06:30:02,amazon_rankinQ,"【スマートウォッチ】
Xiaomi Mi Band 5 スマートブレスレット グローバル版 スマートバンド 日本語アプリ 生理周期予測 健康管...
￥4,980
https://t.co/whfe0mCVPZ
#amazon",1.3111915582683996e+18
38,2020-09-30 06:29:47,Hestisdabest,"Last Chance! Would you like to win a $50 Amazon Gift Card or PayPal Deposit? Check out this easy entry Gleam giveaway for a chance to #WIN

Open Worldwide

@GooseGiveaways #wingiftcard #wincash #amazon #paypal #winmoney #sweepstakes #giveaways https://t.co/BPGQTQVMCE",1.3111914946158592e+18
39,2020-09-30 06:31:46,CoolDealCA,"💲💰
Suave 2 in 1 Shampoo and Condi...
#New  price $1.99

# #Deals #new #Deals #Discounts #Amazon  #Deal #ganga

 https://t.co/PgyCN3Q6Iw",1.3111919919806136e+18
40,2020-09-30 06:30:04,DebraUllrick,"Danger never knocks, and neither does Jasmine's stalker. FOREWARNED https://t.co/1sPRyz5Fb3 #suspense #Christianfic #BYNR #Amazon",1.3111915637589606e+18
41,2020-09-30 06:30:48,yuki_nagase,"【アダルト下着】ベスト10
WiTwo ボディストッキング 全身網タイツ オープンクロッチ 透け透け セクシーランジェリー 穴あき セクシー 全身タイツ 情趣下着セクシー 誘惑透視 シークレット包装 洗濯可能 ブラック（8041）
https://t.co/hTN9PcYUwL #Amazon",1.3111917481823273e+18
42,2020-09-30 06:30:01,yuki_nagase,"【アダルト下着】ベスト10
下着 女性 セクシー ベビードール ランジェリー セクシー 穴あきショーツ セクシーランジェリー 穴あき エッチな下着 オープンクロッチ ショーツ 黒 [並行輸入品]
https://t.co/1bKiXd5Tpk #Amazon",1.3111915510500966e+18
43,2020-09-30 06:29:48,lesalexiens,"Et si vous échangiez vos ""vieux"" Echo contre des nouveaux? #Amazon #AmazonEcho #Alexa #AmazonAlexa #ClimatePledge #reprise #Ecologie  https://t.co/AtUw9XDu0P",1.311191498092929e+18
44,2020-09-30 06:31:40,TheInStockRoom,"***New Deal***
Suave 2 in 1 Shampoo and Condi...
New price $1.99
https://t.co/cp6RNDvwSa
#Deals #newDeals #Discounts #Amazon https://t.co/rYM6UFXUiS",1.311191969192964e+18
45,2020-09-30 06:30:11,yuki_nagase,"【アダルト下着】ベスト10
YILAIYA 豪華 9点 セットレディース 過激 セクシー ランジェリー コスチューム コスプレ エロ 下着 レオタード シースルー ボディストッキングセクシーランジェリー 穴あき ベビードールセクシー下着シークレット包装 (9点 セットC)
https://t.co/dA33QuV7gy #Amazon",1.3111915950315192e+18
46,2020-09-30 06:30:32,yuki_nagase,"【アダルト下着】ベスト10
SANCANYI-RIBAN セクシーランジェリー 刺繍のオープンバストブラ＆オープンクロッチTバック シースルーショーツ 過激 2点セット レディース 青
https://t.co/4hacsJpP94 #Amazon",1.3111916825708052e+18
47,2020-09-30 06:32:39,kaminootsugeda,"意図せず「Amazonプライム会員」になってしまった私が「全額返金」 https://t.co/bxOpG3ZqK2

しょうもないプライムビデオとかどうでもいいから、詐欺みたいな手口で勝手に有料会員に移行するシステムをすぐに廃止せよ！堂々と送料取った方がよっぽどマシだぞ。

#Amazonを許さない #Amazon",1.3111922151761142e+18
48,2020-09-30 06:29:37,hispachollos,"🌀 homgeek Batidora de Vaso, Licuadora Profesional 2000W, Batidora Smoothie Incluye 4 Programas Preestablecidos, 8 Velocidades Ajustables y 2 Litros Jarra Tritan, 30.000 U/min, Sin BPA. #Amazon 🇪🇸

💶 Precio oferta: 99,99€ 💥 (PVP norma ...
https://t.co/goVFl32yHi
#chollo",1.3111914526057144e+18
49,2020-09-30 06:32:43,sachiko3happy,"iPadで読めない作品多すぎて捗らない。これはもう買うしかないのか？？？
そんなに高くないのも誘惑してくるるるるるるる😇

Kindle Paperwhite 防水機能搭載 wifi 8GB ブラック 広告つき 電子書籍リーダー https://t.co/pZb7KbQ1kL #Amazon",1.3111922322470093e+18
,date,screen_name,tweet,tweet_id
0,2020-09-30 06:28:39,monkey_viral,"#Amazon lets you pay with your palm – TechCrunch is now trending on https://t.co/I8NF0g5kub...
https://t.co/I8NF0g5kub",1.3111912095919227e+18
1,2020-09-30 06:25:55,hari94411,"#AmazonQuiz 
#Amazon 
@AmazonRetweet 
@amazonInQuiz @amazonIN https://t.co/QBFeJjtsIr",1.3111905212938813e+18
2,2020-09-30 06:22:42,caminoamoscu,"En el #podcast de hoy hablamos de lo que se sabe hasta ahora de #amazonluna el nuevo servicio de #gaming por streaming de #Amazon 

https://t.co/OIazwVZu75 https://t.co/HxJsRJ11Gc",1.311189711176827e+18
3,2020-09-30 06:24:25,mpjgddgwpaw,"欲しかったあの製品があとわずか？
2020年9月30日15時時点の数量限定タイムセール中のガジェット製品は？

 こちらをチェック↓
 https://t.co/HT9tblOj1R 

#Amazon #アマゾン #タイムセール #ガジェット",1.3111901429131387e+18
4,2020-09-30 06:22:47,maruljain49,"@FinservMARKETS Finserv MARKETS ke Personal
Loan Se

#UnlockGold #Unlock #Contest #win #Amazon #tags  #FinservMARKETS 
@FinservMARKETS
Join  @sangeetasakari1
@GarigeSanthosh
@kusumsolanki17",1.3111897317329838e+18
5,2020-09-30 06:23:58,condesc2,"Kindle Flash diario.
4 nuevos libros con descuento de hasta el 80% hasta las 23:59 de hoy. 

https://t.co/j933OaSE4T

#queleer #ebook #kindle #KindleFlash #libros #megustaleer #lectura #amazon #FelizMiércoles",1.311190030568874e+18
6,2020-09-30 06:21:56,AUREASMB,Join me in asking @FP_Champagne not to reward the destruction of the #Amazon! 🔥🔥 Immediately halt the Canada-Mercosur free trade deal &gt;&gt; #ActForAmazon #ClimateAction @GreenpeaceCA https://t.co/O15bTIkXU6,1.3111895188805837e+18
7,2020-09-30 06:28:00,Haidji,"Book Quote: ""A human life is the time that happens..."" Click on https://t.co/LyyG5k3bXr #humanlife #Earth #breathe #quoteoftheday #quotes #kindleunlimited #amazonbooks #amazon   #inspiration #haidji   #goodreads #books #read #reading #bookblogger #BookBoost #books https://t.co/il1Tt6cEGb",1.311191043585577e+18
8,2020-09-30 06:24:30,DevanshDigital,"Tata Sampann Poha (Thick), 500 g by Tata 

https://t.co/QWcbh0H94G via @amazonIN 

M.R.P.:₹ 42.00
Deal of the Day:₹ 36.00 (₹ 72.00 / kg) Pantry badge
Ends in 12h 17m 21s
You Save:₹ 6.00 (14%)
#Amazon #Tata #Sampann #Poha #SampannPoha #AmazonPantry",1.3111901654659113e+18
9,2020-09-30 06:27:20,PhilPrice19,"Well, it's publication day.
The final chapter of the Forsaken series is now live. 

#horror #fantasy #Cornwall #WritingCommunity #BookBub #Kindle #Amazon 

🇺🇸
https://t.co/vdbY9wt0CD

🇬🇧
https://t.co/0LkVejgaZg

#NextChapterPub https://t.co/ZJS9f4Be5i",1.3111908769123328e+18
10,2020-09-30 06:26:20,JesusMBotella,Importante. La @CNMC_ES  concluye que #Amazon realiza labores de operador postal y que debe cumplir con la normativa del sector postal 👉 resolución: https://t.co/8AzlLEC9gk [Nota de prensa; https://t.co/ZqH6NBmGag],1.3111906266591764e+18
11,2020-09-30 06:27:36,Supraja79178958,"#AmazonQuiz 
#Amazon 
@amazonInQuiz 
@amazonIN https://t.co/6bv7lHjysq",1.3111909439497544e+18
12,2020-09-30 06:23:12,PacoBlancoL,"Comisión Nacional de los Mercados y la Competencia: #Amazon realiza labores de operador postal y debe cumplir con la normativa del sector postal
https://t.co/k1yNyYimaR",1.3111898385368596e+18
13,2020-09-30 06:27:29,hameedasghar118,"#onlineshopping
#Aliexpress
#Amazon
#alibaba
#OnlineShop
👉https://t.co/Z8ny6iKVaE https://t.co/RubEXIdKOC",1.3111909132727337e+18
14,2020-09-30 06:26:47,Chancha94624314,"#AmazonSpinAndWin
#AmazonQuiz
#NikonDigitalCamera
#Amazon.in https://t.co/BrbdBPLiXt",1.3111907376487178e+18
15,2020-09-30 06:28:00,mokanosuke11,"新型コロナウイルスだからお家で読書
 
anan(アンアン) 2020/08/19号 No.2212[愛とSEX/山田涼介]
Amazon ベストセラー1位

#新型 #コロナウイルス #感染 #消毒 #厚生労働省 #自宅待機 #読書 #本  #Amazon #アマゾン #写真集 #ベストセラー1位 #山田涼介 #anan https://t.co/MVAsxg1N2D",1.311191043631493e+18
16,2020-09-30 06:24:05,Supraja79178958,"#AmazonQuiz 
#Amazon 
@amazonInQuiz 
@amazonIN https://t.co/vdiIlbM97X",1.3111900590648033e+18
17,2020-09-30 06:26:03,rakten_kaden_,"09/30 15:26

パナソニック　Panasonic ヘアードライヤー
【楽天】7980円
【Amazon】8770円

★楽天で購入すると★
 790円 お得（お得率10％）

↓お得な情報を一覧で確認出来るサイト
https://t.co/kMQYxgL6Rh

#楽天市場 #Amazon #お得 #せどり https://t.co/FA60Abf3RC",1.3111905546595779e+18
18,2020-09-30 06:27:58,Piyasa_Takibi_,"📌Vadeli Kontratlar:

#Ons #altın'da %0,6 ⬇️, #ABD endekslerinde %1,3 ⬇️ yönlü hareket görülüyor.

#SP500 #NASDAQ #NYSE $MS $JPM #futures #borsa #dolar #DolarTL #gramaltın #ALTIN #gold #goldprice #hisse #Apple #Netflix #Boeing #Tesla #Amazon #NFLX $AMZN $AAPL $NVDA $BA $AAL $MSFT https://t.co/4yjIfqjpXd",1.311191036916568e+18
19,2020-09-30 06:22:57,jump_fukugyo,"keepaを見ると2年連続クリスマスに凄いことになってますねぇ🥺

ジュラシック・ワールド ビッグ&amp;リアル! モササウルス 【全長：71.1㎝】 FNG24 https://t.co/ZiaeJiIcfA #Amazon",1.31118977345792e+18
20,2020-09-30 06:25:00,shadowconn,"Most versatile word in the English language The F Word and Verb Definition Coffee Mug, ... by Willcallyou for $10.99 https://t.co/mZWC9hsozF via #amazon",1.311190288334033e+18
21,2020-09-30 06:28:15,mrssarahmhf,@coaimpaul SO TRUE #NHSheros #Socialcareheros #supermarketheros #shelfstackers #supportedlivingandhousingstaff #carehomestaff #domicilliarycareworkers #assistedlivingstaff #supportedaccommodationstaff #deliverydrivers #Amazon (and others) I hope you are listening,1.3111911089747927e+18
22,2020-09-30 06:26:55,spotthedealuk,"#Amazon #UK 🇬🇧 #Logitech G920 #Driving Force #Racing Wheel and Floor Pedals, Real Force Feedback, Stainless Steel Paddle Shifters, Leather Steering Wheel Cover for #XboxSeriesX @XboxSeriesS #XboxOne #PC @Mac &gt; https://t.co/3nCbg7u2D7 https://t.co/U2rDtY4vl3",1.3111907737324462e+18
23,2020-09-30 06:28:00,Haidji,"Book Quote: ""What do you know about DEATH, Green? ..."" Click on  https://t.co/XX3wyfYfon #quoteoftheday #quotes #kindleunlimited #bookquotes #read #ebook #ku  #paperback #amazon  #inspiration #haidji #goodreads #books #read #reading #BookBoost #book https://t.co/CbGI7ZKywG",1.3111910435979878e+18
24,2020-09-30 06:23:40,XperienceDope,"Blasting Common, Daniel Caesar, Dwele - Her Love  right now on Pretty Dope Xperience Radio aka #BlackPandora

listen now and catch a wave!! https://t.co/VqKFopeoex  #nowplaying #np #RT  #NowStreaming #Streema Download Now #Alexa #GooglePlay #iOSAppStore #Amazon #",1.311189956119978e+18
25,2020-09-30 06:24:09,TEL31160643,"#Yukinaプレゼント企画部
アマゾン¥500プレゼント—4名に

🥳参加条件
@TEL31160643をフォロー
このツイートをRT

〆切10月8日18時

#プレゼント企画
#アマゾンギフト券 
#Amazonギフト券 
#Amazon
#懸賞 https://t.co/9sWcr6zyOY",1.3111900770835907e+18
26,2020-09-30 06:26:36,AmazonxTshirts,"Will you shut up, man? Tuesday's Presidential Debate T-Shirt

Available on #Amazon
10 colors All sizes
Order: https://t.co/fPaXIQFCdU 👈

 #Debates2020 trump #debates #Debate2020 biden #DebateTuesday green new deal #BidenHarris2020 #biden #Biden2020 https://t.co/WQzNSNDM7Z",1.3111906944475177e+18
27,2020-09-30 06:27:33,Chrissy_0928,Love Fantasy &amp; SciFi? #Win a $100 #Amazon #GiftCard in this month's mega #BookBub #Giveaway via @sffbookbonanza: https://t.co/mkVOtisGf3,1.3111909329313874e+18
28,2020-09-30 06:25:03,Kassfinol,"Pueden adquirirlo en cualquier portal de #Amazon #papel y #kindle en:

 https://t.co/e7Qx4FkWzo 

#gratis #kindleunlimited #romance #paranormal#romanceparanormal #escritoraromanceparanormal #romanceparanormalenespañol https://t.co/QTH9JWIaxW",1.3111903021542605e+18
29,2020-09-30 06:25:28,Chancha94624314,"#AmazonQuiz 
#Quiztimemorningswithamazon 
#SamsungGalaxyM21
#Amazondailyquiz
#Amazon.in https://t.co/ecyuLrBGUX",1.3111904058960527e+18
30,2020-09-30 06:29:03,omkar_gothankar,"https://t.co/jGWWfLiPfp
#Amazon #online #money #income",1.3111913103431311e+18
31,2020-09-30 06:26:00,Haidji,"Book Quote: ""A human life is the time that happens..."" Click on https://t.co/LyyG5k3bXr #humanlife #Earth #breathe #quoteoftheday #quotes #kindleunlimited #amazonbooks #amazon   #inspiration #haidji   #goodreads #books #read #reading #bookblogger #book https://t.co/wvMKyA7Jrs",1.311190540352979e+18
32,2020-09-30 06:23:26,mercy_s31,"超快適マスク の (日本製 PM2.5対応)超快適マスク プリ-ツタイプ 小さめ 30枚入(unicharm) を Amazon でチェック！ https://t.co/WmXd7f2q0a @amazonより 
#ユニチャーム
#超快適マスク
#マスク
#Amazon",1.311189895411454e+18
33,2020-09-30 06:27:59,Chancha94624314,"#handicraftsmelaquiz 
#AmazonQuiz
#AmazondailyQuiz
#Amazonpaybalance
#Amazon.in https://t.co/NZMS60PHhk",1.3111910405277942e+18
34,2020-09-30 06:22:07,mercy_s31,"超立体マスク の ユニ・チャーム 超立体マスク ふつう 50枚入 を Amazon でチェック！ https://t.co/uzaMai8xLm @amazonより 
#ユニチャーム
#超立体マスク
#マスク
#Amazon",1.311189566141784e+18
35,2020-09-03 18:26:48,LenovoLegion,"Lenovo Legion x @PlayApex
Now is your chance to rise above the rest. 
Unmatched performance, purposeful engineering, modern design.
Gear up with a machine as savage as you are.
Stylish outside.
Savage inside.",1.301587465258578e+18
36,2020-09-30 06:27:28,AKG_de_IT,"Gefahr steigt:

Das E-Mail-#Phishing hat in Unternehmen weiter zugenommen und ist zum dominierenden Angriffs-Vektor geworden. 

Häufige Köder sind #Microsoft, #UPS, #Amazon, #Apple und #Zoom.

#Hacker #Malware #Ransomware #Scam 
  https://t.co/oAgHl7kSZG",1.3111909112007762e+18
37,2020-09-30 06:27:37,goki04205132,"【メーカー特典あり】 ラブライブ！サンシャイン!! Aqours CHRONICLE (2015~2017) 【初回限定盤】 (メー... https://t.co/vHbonK899u #Amazon 
欲しい😍",1.3111909489745347e+18
38,2020-09-30 06:21:51,readtiafanning,"A Sexy #Halloween #Romance about Life, Love, and #Grave #Desecration. 
🕵️‍♂️👮‍♂️👰⚰️👻🎃😈
Now on #Amazon!

📚FREE for #KindleUnlimited Readers! ➡️ https://t.co/uy5Y7xfyS9 

#eroticromance #ghoststory #comedy #spanking #domesticdiscipline #otk #overtheknee #brat #hoh #headofhousehold https://t.co/rBI4RquYvy",1.311189499133784e+18
39,2020-09-30 06:22:07,chollosyoferta,"#Chollo #Amazon 85% DESCUENTO Valeo 574357 Escobillas de Limpiaparabrisas

Precio original: 26,5
Precio oferta: 25,78
Reacondicionado: 3,94

    👇👇👇👇👇👇👇
👉 https://t.co/m3MPYHN2qM https://t.co/2jIZ3Xnh4B",1.3111895663097815e+18
40,2020-09-30 06:27:01,DevanshDigital,"Fortune Everyday Basmati Rice, 1kg by #FORTUNE 

https://t.co/NeZPfU8INt via @amazonIN 

M.R.P.:₹ 149.00
Price:₹ 85.00 Pantry badge
You Save:₹ 64.00 (43%)
#Amazon #Everyday #BasmatiRice #Rice #Grain #Pure #Delicious #AmazonPantry",1.3111907977907692e+18
41,2020-09-30 06:22:52,chollosyoferta,"#Chollo #Amazon 41% DESCUENTO Nemaxx SD35FX Ducha Solar Ducha al Aire Libre para Piscina con depósito de 35 litros Resistente a los Rayos UV   con Lavapiés y Cabezal de Ducha Regulable

Precio oferta: 193,9
Reacondicionado: 113,06

    👇👇👇👇👇👇👇
👉 https://t.co/BObxawAUp9 https://t.co/MWIENgLuca",1.3111897510562652e+18
42,2020-09-30 06:26:54,Tarrako1162,"🔥CHOLLO! #Amazon | #Belleza

📢Dolce &amp; Gabanna Dolce Floral Drops - Agua de perfume, 50 ml

   ❌ Antes: 80,00€
   🔥 PRECIO OFERTA: 40,89€🔥 -49%
   🔰 Enlace: https://t.co/03jWggNRz9 https://t.co/i29uJjBMle",1.311190769835946e+18
43,2020-09-30 06:26:54,uketoricancel,"#無断受取拒なくそう

まだ使ってませんか？
無断受取拒否対策ツール
https://t.co/Mg8HrRc0LI

#無断受取拒否なくそう #ミンネ #楽天 #ヤフー #メルカリ #ラクマ #amazon",1.3111907659811512e+18
44,2020-09-30 06:25:12,tabinolog,【朗報】Ａｍａｚｏｎ、家の中を巡回飛行して監視する防犯ドローンを発売ｗｗｗｗｗｗｗｗｗｗｗｗｗｗｗｗｗｗｗｗｗｗｗｗｗｗｗｗｗｗ #Amazon #防犯 #ドローン https://t.co/XRWwzx89Hx,1.3111903398191227e+18
45,2020-09-30 06:25:18,A34755041,"640
美術史の泰斗・田中英道先生の解説が、非常に心に染み入り納得出来ます。
何故この絵画が世界で最も愛されているのか。
天才ダ・ヴィンチの思想を辿る名著です。

モナ・リザは、なぜ微笑むのか https://t.co/mTqI7Etnf4 #Amazon",1.311190366645756e+18
46,2020-09-30 06:22:08,_mis_ter_e_,"Make #Superman LEGO portraits !!!

#dccomics #HenryCavill #christopherreeve #batman #benaffleck #dcfandome #JusticeLeague #JusticeLeagueSnyderCut #JusticeLeagueTheSnyderCut #kindle #kindlebooks #kindleunlimited #amazon
https://t.co/x9oMoi2N7y",1.31118956824755e+18
47,2020-09-30 06:22:26,tyouan_1717,"超立体マスク の ユニ・チャーム 超立体マスク ふつう 50枚入 を Amazon でチェック！ https://t.co/1fGMbk1j3N @amazonより 
#ユニチャーム
#超立体マスク
#マスク
#Amazon",1.311189646026498e+18
48,2020-09-30 06:23:55,creativemm12,"👉https://t.co/Oi6yLPuONU #amazon👈
💯👉Auto Follower👈💯
💯👉#自動相互フォロー👈💯

#500ADay
#Yankees
#Titans
#White #Sox
#相互リツイート
#フォロバ100パーセント
#followergenerator
#相互フォロー100
#FollowNGain
#followtrick
#bts
#seventeen",1.3111900166897254e+18
49,2020-09-30 06:23:36,tyouan_1717,"超快適マスク の (日本製 PM2.5対応)超快適マスク プリ-ツタイプ 小さめ 30枚入(unicharm) を Amazon でチェック！ https://t.co/iMeCP69cVm @amazonより 
#ユニチャーム
#超快適マスク
#マスク
#Amazon",1.31118993598711e+18
,date,screen_name,tweet,tweet_id
0,2020-09-30 06:21:25,creativemm12,"👉https://t.co/3nImKNul3T #amazon👈
💯👉Auto Follower👈💯
💯👉#自動相互フォロー👈💯

#フォロバ100パーセント
#Astros
#Titans
#Hillary #Clinton
#フォロバ100パーセント
#RT企画
#拡散希望RTお願いします
#FollowBack
#followermachine
#f4f
#1000ADay
#TeamFollowback",1.3111893862523085e+18
1,2020-09-30 06:21:48,UtpalBh89320335,#aws #cloudcomputing #cloud #devops #python #technology #amazonwebservices #linux #programming #amazon #certification #googlecloud #developer #coding #it #training #iso #software #education #gcp #course #webdevelopment #tech #serverless #sam #eventgateway https://t.co/aSOJyP9L8I,1.3111894832665682e+18
2,2020-09-30 06:16:14,XperienceDope,"Blasting Khalid &amp; Swae Lee - The Ways right now on Pretty Dope Xperience Radio aka #BlackPandora

listen now and catch a wave!! https://t.co/VqKFopeoex  #nowplaying #np #RT  #NowStreaming #Streema Download Now #Alexa #GooglePlay #iOSAppStore #Amazon #",1.3111880843739791e+18
3,2020-09-30 06:15:00,Haidji,"Book Quote: ""Believe in deeds and not just in words..."" Click on  https://t.co/pcloyNLG7x #quoteoftheday #quotes #kindleunlimited #amazonbooks #amazon   #inspiration #haidji   #goodreads #books #read #reading  #book https://t.co/FQLUFZdtnt",1.311187772128936e+18
4,2020-09-30 06:14:45,rinrinrin021209,"@HarukiKai0628 ぴこんまだ届いてないぜ𐤔𐤔

Amazonほしい物リストを一緒に編集しましょう https://t.co/KbOpbgEnbD #Amazon https://t.co/6T6MR6sCbV",1.3111877120203407e+18
5,2020-09-30 06:19:31,UiisiiOfficial,"😁Thanks UiiSii Lovely Customer Share His Experience and Take Such Great Pictures On #Amazon 

🙌Buy Uiisii TWS808 Earbuds on Amazon
Check: ➡https://t.co/3OB7twjbti https://t.co/r7BHOjyGb0",1.311188910974804e+18
6,2020-09-30 06:15:00,Haidji,"Book Quote:""For the Earth to survive, for the human race..."" Click on  https://t.co/NNtFNTTvMq #globalwarming #quoteoftheday #quotes #kindleunlimited #bookquotes #read #ebook #ku  #paperback #amazon  #inspiration #haidji #goodreads #books #read #reading #BookBoost #book https://t.co/pcicJUbFE8",1.3111877722590863e+18
7,2020-09-30 06:19:02,BEST300BOT,バッハ／管弦楽組曲　【第４位】⇒https://t.co/aLbiZ0rk3U #amazon #bot 【第１１位】マゼール指揮ベルリン放送so〈65〉,1.3111887881865544e+18
8,2020-09-30 06:20:07,SolTaylorRdL,"Más de 2.000.000 de #eBooks vendidos en todo el planeta en 16 idiomas 
¡Autor español más vendido de la historia en formato digital!

LINK OFERTA #Kindle AQUÍ ► https://t.co/0QzVHFcDmC

#Amazon #Kobo #iTunes #GooglePlay #thiller #terror #novelanegra @merylaso https://t.co/br1hN1lWHM",1.3111890614665748e+18
9,2020-09-30 06:16:45,OfertacularRL,"‼️PRECIAZO TOP‼️ 👁‍🗨 #Ofertacular #Amazon #chollo #oferta #ganga

⚫️ Intex - Cama Hinchable

🛒: ➡️ https://t.co/sVNW2hiV7I ⬅️ https://t.co/4WVmMJ6iia",1.3111882136592056e+18
10,2020-09-30 06:15:24,taka_death_fox,"埼玉誕生150周年☆
私が選ぶ150周年を彩る  #キャッチコピー はこれだ！
@saitama150th ではプレゼントCPを実施中！～10/12
抽選で20名に  #Amazon  #ギフト券 500円分を  #プレゼント ♪
 https://t.co/CFlCgJ7rff

どんな人か気になる🤣

埼玉みたいな人
埼玉みたいな人
埼玉みたいな人",1.3111878738491965e+18
11,2020-09-30 06:15:11,maximilien_seo,La #formation intégrale pour créer des sites de niche profitables Lancez-vous https://t.co/EZKK7UeXss #seo #amazon #amazonfba,1.3111878178344387e+18
12,2020-09-30 06:18:36,FForFree1,"#Amazon #Karigar #Handicraft Mela Quiz All Answers to Win Rs.20000

Read more at: https://t.co/gOPgE1gAtW
#FForFree #EndOfColourism",1.311188680250278e+18
13,2020-09-30 06:14:40,MontekServices,"Top 10 E-commerce factors which may limit your #Business

#webdesign #Ecommerence #websitedevelopment #website #websitetraffic #mobilefriendly #shoppingwebsite #design #bot #Chatbots #startupbusiness #amazon #enterpreneur #smallbusiness #startups #flipkart #ecommercebusiness https://t.co/pNKiyCXW4l",1.3111876913131356e+18
14,2020-09-30 06:18:54,readtiafanning,"A Sexy #Halloween #Romance about Life, Love, and #Grave #Desecration. 
🕵️‍♂️👮‍♂️👰⚰️👻🎃😈
Now on #Amazon!

📚FREE for #KindleUnlimited Readers! ➡️ https://t.co/uy5Y7xfyS9 

#eroticromance #ghoststory #comedy #spanking #domesticdiscipline #otk #overtheknee #brat #hoh #headofhousehold",1.3111887530048676e+18
15,2020-09-30 06:17:37,chollosyoferta,"#Chollo #Amazon 74% DESCUENTO Figura Pop Jurassic World Fallen Kingdom Claire

Precio original: 15,95
Precio oferta: 7,58
Reacondicionado: 4,14

    👇👇👇👇👇👇👇
👉 https://t.co/G9FRWebT8R https://t.co/QxCx4rd5Ot",1.3111884338351022e+18
16,2020-09-30 06:17:01,CoolDealCA,"Get those Amazon purchases 🎁shipped faster for free 
One month #free #Amazon Prime trial
6 month 👀 free for students
click for details
https://t.co/vkCEWOmxOz https://t.co/aRxC9OcSs7",1.311188282429014e+18
17,2020-09-30 06:21:06,maruljain49,"@FinservMARKETS By Getting Family Travel Insurance

#UnlockGold #Unlock #Contest #win #Amazon #tags  #FinservMARKETS 
@FinservMARKETS
Join  @sangeetasakari1
@GarigeSanthosh
@kusumsolanki17",1.311189309903401e+18
18,2020-09-30 06:15:21,athenacarina,"Last Chance! Would you like to win a $50 Amazon Gift Card or PayPal Deposit? Check out this easy entry Gleam giveaway for a chance to #WIN

Open Worldwide

@GooseGiveaways #wingiftcard #wincash #amazon #paypal #winmoney #sweepstakes #giveaways https://t.co/IF6gLoL9BB",1.3111878630951854e+18
19,2020-09-30 06:21:03,rakten_kaden_,"09/30 15:21

炊飯器 1升 アイリスオーヤマ 炊飯器 10合 I
【楽天】11800円
【Amazon】12400円

★楽天で購入すると★
 600円 お得（お得率5％）

↓お得な情報を一覧で確認出来るサイト
https://t.co/kMQYxgL6Rh

#楽天市場 #Amazon #お得 #せどり https://t.co/tNWJRsHXph",1.3111892946654863e+18
20,2020-09-30 06:15:21,BradPorcellato,"Hey #TX #Houston, #NY #NewYork, #IL #Chicago, #CA #LosAngeles, #MO #StLouis, #FORKLIFT OPERATOR'S DAILY CHECKLIST (100 Copies): Counterbalance Internal Com... https://t.co/GQSKhWZxQU via #Amazon https://t.co/e2yNpPJN91",1.3111878616733123e+18
21,2020-09-30 06:21:48,amazon__forum,"#Amazon 
#NewProfilePic https://t.co/xx0b9eUfZk",1.3111894832665313e+18
22,2020-09-30 06:15:15,reinadellowcost,"🌟 [𝗟𝗮 𝗿𝗲𝗶𝗻𝗮 𝗱𝗲𝗹 𝗟𝗼𝘄𝗰𝗼𝘀𝘁] 🌟

🔊 Hopekings Máquina de Palomitas,1200W Aire Caliente sin Aceite con Taza Medidora y Funda Desmont #amazon

🌍 Enlace: https://t.co/eBo8wMpbF3

Te esperamos en telegram: https://t.co/Jxndx9pJCJ https://t.co/N9KqeEUh2P",1.311187837375705e+18
23,2020-09-30 06:20:02,chicachick_2,"EL ASESINO DEL COVID-19 de @HelenFlix 
📱https://t.co/fStILerGhu
📚https://t.co/8jGe5HIszw
En #Kobo
📱https://t.co/uSP5L98vTb
El inspector Pere Tarrés, Miriam Solana y la psicóloga Laura Mestre, vuelven a verse sumergidos en una carrera contra reloj...
#queleer 
#Amazon https://t.co/ZX62XYODDc",1.3111890401258373e+18
24,2020-09-30 06:17:57,chollosyoferta,"#Chollo #Amazon 44% DESCUENTO Samsung Galaxy Note 10 Lite (17.02cm (6.7"") 128 GB, 6 GB RAM, Dual SIM, Android, Aura Red) Versión Alemana

Precio oferta: 638,24
Reacondicionado: 351,7

    👇👇👇👇👇👇👇
👉 https://t.co/GB623wA4M2 https://t.co/8bzrmsQFML",1.3111885154226463e+18
25,2020-09-30 06:18:37,Designcreateall,目をつぶって恋に落ちよ。見てはいけない。（アンディ・ウォーホル（芸術家）） #amazon #design #brand,1.3111886824942797e+18
26,2020-09-30 06:20:07,SMCADMAN,"#Regulate #Regulation #Facebook #Twitter #Google #Amazon #Apple #TheSocialDilemma

@Facebook @Twitter @Google @Apple @Amazon #DutyOfCare #negligence ""attention engineering"" ""maximum emotional engagement"" #astroturfing #organizedcrime #warcriminals https://t.co/oFcP9qbeKf",1.3111890601451807e+18
27,2020-09-30 06:19:17,army_legal,"#Amazon: pagos o identificación con la palma de la mano.

📢Hoy, en este artículo para @el_pais, nuestra CEO &amp; Founder @NataliaMartos, habla sobre las dudas de este “futuro escenario”: https://t.co/k8fWW0YRY1

#privacidad #datospersonales #biometricdata #ALSP",1.3111888527957484e+18
28,2020-09-30 06:15:26,DevanshDigital,"Fortune Rozana Basmati Rice, 5kg by #FORTUNE 

https://t.co/7sxRKOhF2t via @amazonIN 

M.R.P.:₹ 585.00
Price:₹ 309.00 (₹ 61.80 / kg) Pantry badge
You Save:₹ 276.00 (47%)
#Amazon #AmazonPantry #Rozana #Basmati #Rice #BasmatiRice",1.311187882573353e+18
29,2020-09-30 06:20:09,XperienceDope,"Blasting Teyana Taylor, Iman - Wake Up Love (Club) right now on Pretty Dope Xperience Radio aka #BlackPandora

listen now and catch a wave!! https://t.co/VqKFopeoex  #nowplaying #np #RT  #NowStreaming #Streema Download Now #Alexa #GooglePlay #iOSAppStore #Amazon #",1.3111890696286618e+18
30,2020-09-30 06:18:46,spotthedealuk,#Amazon #UK 🇬🇧 #Oculus Rift S PC-Powered #VR #Gaming Headset &gt; https://t.co/nKp3uppwN4 https://t.co/NKMUZT3Gy1,1.3111887210398884e+18
31,2020-09-30 06:15:39,beterugift,"🚀各種ギフト券が業界最安値🚀

Amazon🤩73.8～🤩超激安🎉
iTunes🌟83.0％～🌟業界最安🎉
GooglePlay💫84.5％～💫業界最安🎉
JCBプレモ🔥93.0％～🔥
楽天☀️91.0％～☀️

ANA・JAL株主優待券 1890円～業界最安🎉

🔽ベテルギフト
https://t.co/CStJb6oriA

#Amazonギフト券 #アマギフ #iTunes #Amazon",1.3111879382023782e+18
32,2020-09-30 06:19:24,hispachollos,"🌀 HOMCOM Saco de Boxeo de pie Boxing Ball Entrenamiento MMA Deportes con Guantes y Mancha. #Amazon 🇪🇸

💶 Precio oferta: 37,39€ 💥 (PVP normal: 43,99€)

💳 Enlace: https://t.co/tAP5aAldcM

✨ 30 días gratis de Amazon Music Unlimited : ht ...
https://t.co/ptcLqIZpAI
#chollo",1.3111888808094351e+18
33,2020-09-30 06:20:38,nicolasantonini,#Amazon introduit le paiement sans contact avec la paume de la main 😲 https://t.co/Zgc5zRRxmK,1.3111891916619366e+18
34,2020-09-30 06:16:43,spotthedealuk,#Amazon #UK 🇬🇧 PreOrder #Xbox Wireless Controller – Shock Blue #XboxSeriesX &gt; https://t.co/n7yYp6aEFr #XboxOne #Gaming,1.3111882034837463e+18
35,2020-09-30 06:18:05,DevanshDigital,"Amazon Brand - Vedaka Sabudana (Sago), Medium, 500g by #Vedaka 

https://t.co/s931cFSPHq via @amazonIN

M.R.P.:₹ 64.00
Price:₹ 56.00 (₹ 112.00 / kg) Pantry badge
You Save:₹ 8.00 (13%)
#Amazon #AmazonBrand #Sabudana #Sago #Medium #AmazonPantry #Pantry",1.3111885486749245e+18
36,2020-09-30 06:15:16,MenudoPaquete,"🌟 [𝗠𝗲𝗻𝘂𝗱𝗼 𝗣𝗮𝗾𝘂𝗲𝘁𝗲] 🌟

🔊 Hopekings Máquina de Palomitas,1200W Aire Caliente sin Aceite con Taza Medidora y Funda Desmont #amazon

🌍 Enlace: https://t.co/bBPVrTYwI7

Te esperamos en telegram: https://t.co/IbEojfZpa4 https://t.co/z9UvD0PE2Z",1.3111878413560504e+18
37,2020-09-30 06:17:39,loktej,भारत के हस्त कारीगरों के लिए अमेजन लाया 'हैंडीक्राफ्ट मेला' - https://t.co/j11fiUPQCd #India #Amazon #HandicraftFair https://t.co/zXkYvCroHM,1.3111884420642652e+18
38,2020-09-30 06:15:23,piyushagarwalkv,"I have ordered a product on 21st September by 
@amazonIN
 but they delayed my product and still I have no update when I will get my product deliver.
#amazon #badexperience",1.3111878717226967e+18
39,2020-09-30 06:17:02,Inoelee,#Amazon will now let you #pay with your palm in its stores https://t.co/akW3TNEiKN #Biometrics #payment #Retail https://t.co/DXTy1YL38A,1.3111882860697805e+18
40,2020-09-30 06:15:14,OnlyGearBest,"🌟 [𝗢𝗻𝗹𝘆 𝗚𝗲𝗮𝗿𝗯𝗲𝘀𝘁] 🌟

🔊 Hopekings Máquina de Palomitas,1200W Aire Caliente sin Aceite con Taza Medidora y Funda Desmont #amazon

🌍 Enlace: https://t.co/7et6FJ6ryR

Te esperamos en telegram: https://t.co/mPaN5u2fFj https://t.co/oKJoKei2KN",1.311187833487532e+18
41,2020-09-30 06:16:13,79Mandal,@amazon #Mandalpradeep #AmazonQuiz #AmazonQuiz #AmazonQuiz #Amazon #AmazonQuiz https://t.co/OAyMBgnuzo,1.3111880788248125e+18
42,2020-09-30 06:16:02,rakten_kaden_,"09/30 15:16

シャープ【SHARP】空気清浄機 FU-J50-W
【楽天】18680円
【Amazon】19770円

★楽天で購入すると★
 1090円 お得（お得率6％）

↓お得な情報を一覧で確認出来るサイト
https://t.co/kMQYxgL6Rh

#楽天市場 #Amazon #お得 #せどり https://t.co/wsHh7wXcls",1.311188034629456e+18
43,2020-09-30 06:15:06,rwnash,#Amazon One lets you pay with your palm https://t.co/mv5gbDlpux https://t.co/O28L1Sde5p,1.3111877980373443e+18
44,2020-09-30 06:16:07,chollosyoferta,"#Chollo #Amazon Rowenta DG8960F0 Générateur à Vapeur Silence Steam

Reacondicionado: 43,94

    👇👇👇👇👇👇👇
👉 https://t.co/4fMO10zIcR https://t.co/lybYrpvNPX",1.3111880541037978e+18
45,2020-09-30 06:19:52,mijames82,Enter to win a $10 #Amazon #giftcard and find out more about NO MORE SECRETS #WomensFiction #NewRelease https://t.co/bDuwPqCuCm,1.3111889998857953e+18
46,2020-09-30 06:19:29,gitaro9,"https://t.co/mUNvl8GTqm
#ibiza #electro #techno #club #テクノ #art #popart #芸術 #絵 #soundcloud #music #beatport #itunes   #絵画 #アート #写真 #photo #spotify #東京 #大阪 #福岡 #amazon  #Apple Music   #Google Play Music #RecMusic #AWA 
#LINE MUSIC #Amazon",1.3111889024141804e+18
47,2020-09-30 06:21:48,DevanshDigital,"Daawat Rozana Super Basmati Rice, 5kg by #Daawat 

https://t.co/dOfHrraflA via @amazonIN 

M.R.P.:₹435.00
Deal of the Day:₹299.00 (₹59.80 / kg) Pantry badge
Ends in 12h 12m 03s
You Save:₹136.00(31%)
#Amazon #AmazonPantry #Basmati #Rice #Daawat #Rozana #BasmatiRice #Super",1.3111894833127465e+18
48,2020-09-30 06:17:19,AmanMan06651137,#Amazon quiz time https://t.co/jHu2ngc4yt,1.3111883559131382e+18
49,2020-09-30 06:15:16,creativemm12,"&lt;Current Weather&gt;
New York
Temperature: 70.81°F/ Status: rain
👉https://t.co/h8Vt12FFHb #amazon👈
💯👉Auto Follower👈💯
💯👉#自動相互フォロー👈💯

#TFW
#Yankees
#Titans
#National #Coffee #Day
#f4f
#RT企画
#followergenerator
#TFB
#拡散希望RTお願いします",1.3111878400389652e+18
,date,screen_name,tweet,tweet_id
0,2020-09-30 06:05:48,kana_ogawa,"【アダルト】ベスト10
タリーと私の秘密の時間(吹替版)
https://t.co/qAMEv4Yd2B #Amazon",1.3111854563865682e+18
1,2020-09-30 06:08:12,XperienceDope,"Blasting Pop Smoke, Quavo, Future - Snitching (Club) right now on Pretty Dope Xperience Radio aka #BlackPandora

listen now and catch a wave!! https://t.co/VqKFopeoex  #nowplaying #np #RT  #NowStreaming #Streema Download Now #Alexa #GooglePlay #iOSAppStore #Amazon #",1.3111860605636895e+18
2,2020-09-30 06:08:13,blogosum,"#Amazon for travellers: Smooth Trip Woolite Travel Sized Laundry Detergent Packets

 https://t.co/bbdiLPVw33

 #amazondeals #deals #gadgets #travel #giftguide #gift #giftidea #clothes #clean #hotel #hostel #laundry #cleaning #outdoor https://t.co/vAVmgWWieV",1.3111860656178053e+18
3,2020-09-30 06:08:30,moughthere,"Woman killed, man wounded in #shooting at #Amazon warehouse in #Florida https://t.co/5NjIk5d2QC via @nypost",1.311186139374551e+18
4,2020-09-30 06:12:06,nincoroby,"Le retour de la vengeance du come-back du paiement biométrique en magasin avec #Amazon...

#paiement #biometrie #magasin 

https://t.co/lMHCEGetBY",1.3111870420811448e+18
5,2020-09-30 06:11:36,RachelReedReads,"Coming Home by JP Oliver &amp; Peter Styles

Narrator: Barney Parkwynne

Length: ​9h56m

Series: standalone

Genre: contemporary

🔸🔹🔸🔹🔸🔹🔸🔹
#currentlylisteningto🎧 #audiobooks #audiobookstagram #lgbtq #audible #audiblebooks #gay #Amazon @_GayRomReviews  @audible_com https://t.co/5Obx6n9Ncb",1.311186919619879e+18
6,2020-09-30 06:10:14,NxlCXckW9ab5jyu,"埼玉誕生150周年☆
私が選ぶ150周年を彩る  #ロゴマーク はこれだ！
@saitama150th ではプレゼントCPを実施中！～10/12
抽選で20名に  #Amazon  #ギフト券 500円分を  #プレゼント ♪
 https://t.co/zIwsHi8mS4",1.311186573354918e+18
7,2020-09-30 06:06:02,rakten_kaden_,"09/30 15:06

シャープ KS-CF05B-W(ホワイト) ジャー
【楽天】8349円
【Amazon】8400円

★楽天で購入すると★
 51円 お得（お得率1％）

↓お得な情報を一覧で確認出来るサイト
https://t.co/kMQYxgL6Rh

#楽天市場 #Amazon #お得 #せどり https://t.co/jCtygsA5bi",1.3111855151445975e+18
8,2020-09-30 06:11:42,toshi_167,"Amazonのカタログ消し。
日々、出せなくなる商品
2日間違うことを模索。

いやこれAmazonに特化する必要性がないなとも感じてきている。

脱Amazonてかもういらないよねw😂
あれだけ制限かけられて、こっちの声なんてなんも聞きやしない

そのうちみんな辞めるんだろな。笑
#セラーセントラル
#Amazon",1.311186941598077e+18
9,2020-09-30 06:07:17,hispachollos,"🌀 Rowenta CV7825F0 Blanco - Secador de pelo AC, Potencia 2100W, motor categoría profesional AC, 6 ajustes velocidad/temperatura, cable 1,8 m, boquilla 9 mm, aire 100 km/h. #Amazon 🇪🇸

💶 Precio oferta: 23,99€ 💥 (PVP normal: 29,99€)

💳 ...
https://t.co/kXS92tv6a3
#chollo",1.311185831688835e+18
10,2020-09-30 06:07:15,kimura_books,森見も良いけど、万城目もね（鴨川ホルモーとか鹿男あをによしの人です） https://t.co/ql75zIAeiL #books #amazon,1.3111858217146655e+18
11,2020-09-30 06:11:03,TheInStockRoom,"***New Deal***
Amazon Brand - Coastal Blue Wo...
Reduced from $16.38 to $8.04
https://t.co/UJgSHhW5gq
#Deals #newDeals #Amazon https://t.co/9zE3Z1m3lZ",1.3111867784984003e+18
12,2020-09-30 06:14:09,vserve_amazon,"Gain a better understanding of what it would be like to set up a store on Amazon and get the most out of it. Here's a Good Read for you @ https://t.co/Bysz9cWfQ5

#Amazon #SellingOnAmazon #AmazonSellers #AmazonListings #WhyAmazon #AmazonFBA #AmazonListingServices",1.311187559070933e+18
13,2020-09-30 06:08:29,sougo_review,"ネット社会においていわゆる口コミ（レビュー）を参考にする人は少なくない

#Amazon #レビュー #アマゾン #副業 #アマゾンレビュー #amazonレビュー #レビュー募集 #レビューアー #レビュー募集",1.3111861342616166e+18
14,2020-09-30 06:13:13,EscribeCatalina,"#Lectores de #Amazon si #queréis formar parte de algo #especial
 Esta obra cuenta con un elenco de #personajes extenso al igual que su logística. 
Está dirigida a un sector concreto y #selecto aficionado a la #lectura #YoLeo #ebook #Kindle 

🔘https://t.co/UmZgEtuaWU

#KatyNúñez https://t.co/KLHp59ZOhS",1.311187324701737e+18
15,2020-09-30 06:11:09,CoolDealCA,"💲💰
#Amazon  Brand - Coastal Blue Wo...
Reduced from $16.38 to $8.04

# #Deals #new #Deals #Amazon  #Deal #ganga

 https://t.co/9XzpAQonzu https://t.co/3gEGgakmHj",1.3111868032994304e+18
16,2020-09-30 06:07:47,catnap707,"2020/09/30 14:18 ごろ。スペインブログで確認
#Amazon #Phishing 

◆件名
异常注文を検出する

◆リンク
hxxps://amazon-email[.]club/

◆IP
173.82.69[.]164 #MULTACOM https://t.co/RhmVcUKwe3",1.311185956955779e+18
17,2020-09-30 06:08:57,AbleFootprint,So is anyone else building cat tanks out of prime boxes during quarantine?  #CatsOfTwitter #Amazon #QuaratineLife https://t.co/UjKrr11Aou,1.311186252557742e+18
18,2020-09-30 06:10:58,itsyaboiNB912,"check out my single ""Put it on me"" on #Amazon https://t.co/qqugPEdS0X",1.3111867588607877e+18
19,2020-09-30 06:13:45,best_deals_US,"Grab this while on sale
Paper Mate Profile Retractable Ballpoint Pens, Bold Point, Assorted Colors, 4 Pack

Offer price: $2.99 (47% OFF!)
Retail: $5.62

https://t.co/Onkj5ExS2V

#Amazon #deals #RT https://t.co/j71nALUI83",1.3111874581726618e+18
20,2020-09-30 06:11:25,loktej,अमेजन एलेक्सा में हुए महत्वपूर्ण अपडेट्स; कर सकेगी मल्टीटास्किंग - https://t.co/MihOysRDJJ #Amazon #Alexa #Technical https://t.co/g6RI6W3KGZ,1.3111868717211034e+18
21,2020-09-30 06:08:00,maurilioberetta,"How to use every new #Alexa feature #Amazon announced 
https://t.co/qSNhgsbKpv by @CNET",1.3111860128450724e+18
22,2020-09-30 06:10:10,SolTaylorRdL,"🔥 SUSPIRÁNDOTE 🔥

La suerte está echada y cada uno jugará sus cartas en esta partida sin igual. ¿Quién ganará?

Enlace: https://t.co/Yc9wpXY14q

#kindle #Amazon #KindleUnlimited #romance #romantica #amazon #erotica #eBooks #leer #amor https://t.co/EXs3BbjuhH",1.3111865577438945e+18
23,2020-09-03 18:26:48,LenovoLegion,"Lenovo Legion x @PlayApex
Now is your chance to rise above the rest. 
Unmatched performance, purposeful engineering, modern design.
Gear up with a machine as savage as you are.
Stylish outside.
Savage inside.",1.301587465258578e+18
24,2020-09-30 06:06:00,manishnajkani1,"#AmazonQuiz @manishnajkani1 
i played this quiz at Funzone Quiz of Amazon &amp; eligible to win this lucky draw.
Thank You #Amazon @amazonIN 
#AmazonGreatIndianFestival #AmazonDeals #AmazonIndia #AmazonWishList #QuizTimeMorningsWithAmazon https://t.co/njvwmPn8YK",1.3111855096123105e+18
25,2020-09-30 06:13:15,furimagift,"キャリア決済
クレジットカード利用可能です。
大口の場合はお値引きさせて頂きますのでご相談下さい。
#iTunesギフトカード
#amazonギフト券
#iTunes
#amazon",1.311187330795856e+18
26,2020-09-30 06:13:07,free201707,"店舗仕入れ同行募集中！！

日給１０万達成

https://t.co/WUIjHdVUMK

＃店舗せどり　＃Amazon ＃日給１０万",1.3111872997328773e+18
27,2020-09-30 06:05:42,kana_ogawa,"【アダルト】ベスト10
リトル・フォレスト　夏・秋
https://t.co/ikx8Fqa15D #Amazon",1.3111854342364488e+18
28,2020-09-30 06:07:47,gototechnotr,"Amazon Originals içerikleri ödüllü film ve diziler Amozon Prime Video’da! Prime Video ilk bir ay ücretsiz izlenebiliyor!
#Amazon #amazonprime #AmazonPrimeVideo #AmazonPrimeDay 
https://t.co/nk1eeLcP9b",1.3111859555257344e+18
29,2020-09-30 06:09:31,nightrogen,"なにぃっ！？
かんぜんばん、だと！？

完全版 ぼくらの（１） (小学館クリエイティブ単行本) https://t.co/8KtMXsRNHE #Amazon",1.3111863936038175e+18
30,2020-09-30 06:11:08,DevanshDigital,"Online shopping for Rice Store on Pantry: Grocery &amp; Gourmet Foods at https://t.co/4xUANtdsES 

https://t.co/r6YN2H089b via @amazonIN 

#Amazon #AmazonPantry #Grocery #Gourmet #Foods #Rice #Store #Pantry #RiceStore",1.3111867993607946e+18
31,2020-09-30 06:13:25,renaudjoly,On peut plus se serrer la main mais on pourra bientôt payer avec ✋https://t.co/2iBkb9drwa #amazon #alimentaire,1.3111873765391606e+18
32,2020-09-30 06:14:00,SpinInteractive,"#AlexaPrint - Amazon vient d’annoncer le lancement de la fonctionnalité Alexa Print : elle permet à son utilisateur de commander par la voix l’impression d’un document de n’importe quel type !

https://t.co/oXk8g0PQ6X via @Siecledigital 

#Amazon #Actualities https://t.co/QCg3I2AaFc",1.3111875204247388e+18
33,2020-09-30 06:11:02,rakten_kaden_,"09/30 15:11

パナソニック　Panasonic　紙パック式掃除機
【楽天】10670円
【Amazon】12119円

★楽天で購入すると★
 1449円 お得（お得率14％）

↓お得な情報を一覧で確認出来るサイト
https://t.co/kMQYxgL6Rh

#楽天市場 #Amazon #お得 #せどり https://t.co/LmoZftC0eq",1.3111867748577116e+18
34,2020-09-30 06:10:59,chororin_sedori,"来月の目標を。
100ツイートと300人フォロワー達成を目標にしっかり情報を発信していこうと思います。dm.いいね.お待ちしてます。
#せどり
#初心者
#amazon",1.3111867644347802e+18
35,2020-09-30 06:10:02,ladyarcher1,"Enjoy a captivating and powerful romance. Grab your copy today. Available on paperback/Ebook  FREE on KU.
Freedom  https://t.co/lbU1fRNTqh 
#romance #contemporary #bookbub #goodreads #amazon #kindle #Amazonbooks #womensfiction #KBWorlds https://t.co/b2olPXZPdx",1.3111865240007066e+18
36,2020-09-30 06:10:02,DebraUllrick,Is love enough to stay? Or is it better to go to make the pain go away? FOREWARNED https://t.co/1sPRyz5Fb3 #suspense #Amazon,1.3111865236316365e+18
37,2020-09-30 06:13:30,doszhan1974,"Компания #Amazon представила новую технологию оплаты при помощи ладони. Технология получила название Amazon One Новую технологию оплаты 29 сентября внедрили в двух розничных магазинах Amazon Go в Сиэтле.

https://t.co/Jr9Oxr0PQD",1.3111873956567245e+18
38,2020-09-30 06:07:05,HAL_HRN,"【小説】平野晴琉著の短編小説
”神の御言葉” https://t.co/ofuiPRqcay 是非御一読を。　#小説　#短編小説　#kindle #amazon",1.3111857822127186e+18
39,2020-09-30 06:08:21,DevanshDigital,"Online shopping for Best Deals Amazon Pantry: Amazon Pantry at https://t.co/4xUANtdsES 

https://t.co/GHkQg2s7hL via @amazonIN 

#Amazon #Online #Shopping #Mega #Grocery #Sale #GrocerySale #Offers #Deals #Groceries #AmazonBrand",1.311186099067183e+18
40,2020-09-30 06:10:36,MellyHoneybee1,Enter for a chance to #win a $50 #Amazon #giftcard and a #paperback from #USAT #bestselling #author @EvaPohler https://t.co/cUr2oYZJbn,1.3111866675758735e+18
41,2020-09-30 06:11:54,Bompt0n,"Win a $50 Gift Card of Your Choice https://t.co/0jQnWHUE30 

#giveaway #sweepstakes #Giftcard @amazon #amazon #steam #XboxLiveGold #iTunesGiftCard",1.3111869946853376e+18
42,2020-09-30 06:14:19,dabkepiyush,#amazon quiz https://t.co/TDzSkGVarT,1.3111876029726351e+18
43,2020-09-30 06:08:40,creativemm12,"#親和産業 の 【正規品 親和産業】 ドイツ Thermal Grizzly オーバークロック用特別設計高性能熱伝導グリス Kryonaut 1g
https://t.co/yoIXBnq8vg
#相互リツイート
#sale
#amazon
#Eric #Trump
#Gillian #Keegan
#踩過界",1.3111861805625876e+18
44,2020-09-30 06:10:02,PhanieDissez,#Amazon veut vous faire payer avec la paume de la main | Les Echos https://t.co/BiQEk47WOr,1.3111865226250035e+18
45,2020-09-30 06:12:43,yellowmarket,"茶蕎麦ーー

東京都世田谷区南烏山5-1-13 03-5384-4173 #千歳烏山 #世田谷 #東京 #サーフィン #サーフショップ #イエローマーケット #yellowmatrket #楽天 #ヤフオク #京王線 #久我山 #芦花公園 #amazon #仙川 #クリエイチャー  場所: イエローマーケット https://t.co/DDfaoTAvj4",1.3111871966705992e+18
46,2020-09-30 06:05:37,kana_ogawa,"【アダルト】ベスト10
バイブ ローター 潮吹きバイブ 【両方振動+12000回/分の超激震】【5種衝撃波+5種振動】 新技術ローター 乳首責め クリトリスバイブ Gスポット刺激 電動マッサージ 前戯神器 柔軟な素材【イク大挑戦】 大人のおもちゃ アダルトグッズ
https://t.co/s7kEwCmgPY #Amazon",1.3111854122289193e+18
47,2020-09-30 06:09:53,ibotrampe,Ist das die Zukunft des #Shoppens? #Amazon bringt Bezahlen per Handfläche https://t.co/T6Xph2zEac,1.3111864867552338e+18
48,2020-09-30 06:11:23,hispachollos,"🌀 Severin MY 7101 S'POWER Fire 800 W - Aspiradora (800 W, Aspiradora cilíndrica, Secar, Sin Bolsa, 1 L, HEPA). #Amazon 🇪🇸

💶 Precio oferta: 69,99€ 💥 (PVP normal: 99,99€)

💳 Enlace: https://t.co/dyoQ89mLKe

✨ 30 días gratis de Amazon  ...
https://t.co/EbJBOnv16H
#chollo",1.3111868649010995e+18
49,2020-09-30 06:09:09,DenizKaraoguz,"Show me your palm, I will make you complete the purchase.   https://t.co/Q0ZNI9lcCd #Amazon #TechnologyCompany @amazon",1.3111863000710103e+18
,date,screen_name,tweet,tweet_id
0,2020-09-30 06:04:10,martechcube,"Digital Marketing Agency Launches 𝗔𝗺𝗮𝘇𝗼𝗻 𝗔𝗱𝘃𝗲𝗿𝘁𝗶𝘀𝗶𝗻𝗴 𝗠𝗮𝗻𝗮𝗴𝗲𝗺𝗲𝗻𝘁

@Gen3Marketing #martech #marketingtechnology #Gen3Marketing #Amazon #Display #Programmatic #B2BMarketing #Marketing #Martechcube #Martechnews #Martechtrends
https://t.co/PvqVbYkAu4",1.311185047194669e+18
1,2020-09-30 06:05:16,kana_ogawa,"【アダルト】ベスト10
愛人
https://t.co/jg2nz4LYRh #Amazon",1.3111853245135258e+18
2,2020-09-30 06:02:19,homekitsde,Hier nochmal die Info zu den jetzt auch bei #Amazon erhältlichen #HomeKit Lightpanels #Nanoleaf Shapes.  https://t.co/kK8i7jTupF,1.3111845824657859e+18
3,2020-09-30 06:03:08,amzn_deals_us,"https://t.co/VbuCbK8iW5 LED Strip Lights, KIKO Smart Color Changing LED Lights 16.4ft/5m SMD 5050 RGB Light Strips with Bluetooth Controller Sync to Music Apply for Bedroom, Party, Home Decoration #Amazon # https://t.co/vYSERLkCHW",1.311184786560516e+18
4,2020-09-30 06:00:43,yuki_nagase,"【ウキ】ベスト10
DUEL(デュエル) フカセウキ TGピースマスター 遠投 M 1.0 SO 自重:7.0g G1347-SO-シャイニングオレンジ 磯釣り
https://t.co/GKkt9VQkuQ #Amazon",1.3111841770861773e+18
5,2020-09-30 06:03:36,spotthedealuk,#Amazon #UK 🇬🇧 PreOrder #TurtleBeach Stealth 700 Gen 2 Wireless #Gaming Headset for #PS4 and #PS5 &gt; https://t.co/urm1y4pIEY #Gamers #esports https://t.co/IxsPu6MYCg,1.3111849051921777e+18
6,2020-09-30 06:04:57,gaoqiaomeizhi,"レビュー募集しています
応募方法：フォロー/RT/コメント
返金方法：PayPal、Paypay、LINE Pay、Amazonギフト券など。
ご興味がございましたら、ご遠慮なくご連絡してください。🥰
#アマゾンレビュー #アマゾン #amazon #レビューア #アマゾンレビュー募集 #レビュー #無料商品  #Amazonレビュー募集 https://t.co/eThOadJ2xB",1.3111852432152822e+18
7,2020-09-30 06:02:48,ciurlionis,"ドリップ・コーヒー☕️を切らした時に「ネスカフェ香り華やぐ」を飲んでいるが、残念ながら私の好きな香りではなかった💧
今日も大さじ2杯くらい入れてみたけどNGだった。１瓶買ってしまったので頑張って消費します。

ネスカフェ ゴールドブレンド 香り華やぐ 120g https://t.co/WgmaUjNzlK #Amazon",1.3111847047882875e+18
8,2020-09-30 06:04:42,chollosyoferta,"#Chollo #Amazon 74% DESCUENTO Monster High   Dana  (Mattel DTV93)

Precio oferta: 59,9
Reacondicionado: 15,28

    👇👇👇👇👇👇👇
👉 https://t.co/6eXAWMJX4u https://t.co/bUiw8X51RM",1.311185180854489e+18
9,2020-09-30 06:00:31,shinchaku,【発売日：2020/09/18】BE BLUES！～青になれ～（４１） (少年サンデーコミックス)  https://t.co/YRXnnb8xtj #amazon,1.311184129376039e+18
10,2020-09-30 06:05:00,kana_ogawa,"【アダルト】ベスト10
ヤング・アダルト・ニューヨーク（吹替版）
https://t.co/bRGjlk4aYD #Amazon",1.3111852586293576e+18
11,2020-09-30 06:05:16,sparkymom56,Love Fantasy &amp; SciFi? #Win  $100 #Amazon #GiftCard in this month's mega #BookBub #Giveaway via @sffbookbonanza: https://t.co/v36vt2kN9w,1.3111853229407887e+18
12,2020-09-30 06:00:53,best_deals_US,"Limited stocks!
CURT 21500 Trailer Hitch Pin &amp; Clip, 5/8-Inch Diameter, Fits 2-Inch Receiver

Offer price: $2.10 (29% OFF!)
Retail: $2.96

https://t.co/nmhpfPEbim

#Amazon #deals #RT https://t.co/f1YB9JOtqI",1.3111842194192056e+18
13,2020-09-30 06:05:11,kana_ogawa,"【アダルト】ベスト10
シーソー
https://t.co/hVTKF2Qm45 #Amazon",1.3111853026150646e+18
14,2020-09-30 06:05:06,kana_ogawa,"【アダルト】ベスト10
どうしようもない恋の唄
https://t.co/XyMU83r10H #Amazon",1.3111852807417242e+18
15,2020-09-30 06:03:28,okodukai112233,"【買い物で稼げる！】
ネットでお買い物する方にオススメ!
#楽天 #yahoo #amazon などネットでのお買い物をモッピー経由で買えばモッピーのポイントも貯まっちゃう！ダブルお得! https://t.co/GvIHIdRroH 
https://t.co/ZRlm0Vy0Gi",1.31118487136512e+18
16,2020-09-30 06:04:04,coolrobin881,「君と太陽」by天国、AmazonMP3でも新登場！季節はずれの、緩やかな夏の午後を想いだして下さい！ https://t.co/ljOU7u498g　#Amazon #studiosoup,1.311185021957337e+18
17,2020-09-30 06:00:37,yuki_nagase,"【ウキ】ベスト10
がまかつ(Gamakatsu) うきまろ遠投サビキ スキン UM114 6号-ハリス2. 45737-6-2-07
https://t.co/bybb9xDyGy #Amazon",1.3111841549570253e+18
18,2020-09-30 06:00:30,shinchaku,【発売日：2020/09/25】ミッドナイトスワン　SPECIAL CINEMA BOOK  https://t.co/3TW20JYqZb #amazon,1.3111841225644892e+18
19,2020-09-30 06:04:02,atushi5107,相互フォロー推進ですフォロー返し１００％だよ　#followmeJP　#sougofollow　#followdaibosyu　#followme　#amazon,1.3111850122223575e+18
20,2020-09-30 06:03:00,Haidji,"Book Quote: ""Life is paradoxical, but I believe that..."" Click on  https://t.co/ryjczECh89 #life #paradox #quoteoftheday #quotes #kindleunlimited #amazonbooks #amazon   #inspiration #haidji   #goodreads #books #read #reading #bookblogger #BookWorm #book https://t.co/9FoJCmZpei",1.3111847524397793e+18
21,2020-09-30 06:05:27,kana_ogawa,"【アダルト】ベスト10
僕だけの先生～らせんのゆがみ～
https://t.co/tlbDg9R8Vc #Amazon",1.3111853684110746e+18
22,2020-09-30 06:04:48,XperienceDope,"Blasting Victor Oladipo Feat Eric Bellinger - Unfollow  right now on Pretty Dope Xperience Radio aka #BlackPandora

listen now and catch a wave!! https://t.co/VqKFopeoex  #nowplaying #np #RT  #NowStreaming #Streema Download Now #Alexa #GooglePlay #iOSAppStore #Amazon #",1.3111852043342848e+18
23,2020-09-30 06:00:33,laragvo1409,"Amazon quiere ahora que pagues con la palma de tu mano
El proyecto se ha lanzado en tiendas de la compañía de Seattle, pero existen dudas sobre la privacidad
#Tecnología #Amazon
https://t.co/QDiiQ82gF0 https://t.co/1WqLsxWSHB",1.311184136237912e+18
24,2020-09-30 06:00:32,DevolutionsInc,[SEPTEMBER POLL] Which domain knowledge areas are essential for today’s IT pros? Share it with us and you could win one of two $25 #Amazon gift cards! https://t.co/7F8uvuJO0B https://t.co/GRNIPbghVp,1.3111841335829914e+18
25,2020-09-30 06:04:07,sparkymom56,Love Speculative Fiction? #Win  $100 #Amazon #GiftCard in this #Facebook &amp; #Twitter #Giveaway via @sffbookbonanza: https://t.co/SpjyCfwHCW,1.3111850325775073e+18
26,2020-09-30 06:01:01,Jai_neemuch,also Agents are misbehaving. I have raise complain many times to customer care but no help yet. shame on you amazon. #Amazon #AmazonIndia #INDIA #Delhi #PUNE #Software,1.3111842556664136e+18
27,2020-09-30 06:05:21,kana_ogawa,"【アダルト】ベスト10
ナナとカオル　第2章
https://t.co/WW4xWh8jsJ #Amazon",1.3111853464707113e+18
28,2020-09-30 06:00:32,yuki_nagase,"【ウキ】ベスト10
釣研 遠投カゴサビキ 8号
https://t.co/MlFYbNxNgE #Amazon",1.3111841327104328e+18
29,2020-09-30 06:00:32,shinchaku,【発売日：2020/09/02】ヒプノシスマイク -Division Rap Battle- Official Guide Book 初回限定版 ([バラエティ])  https://t.co/FTaR4qjJIj #amazon,1.3111841329160233e+18
30,2020-09-30 06:01:50,manishnajkani1,"#AmazonQuiz @manishnajkani1
I played this interesting Quiz on Amazon-Play games at Amazon FunZone  https://t.co/FzGwGeOXF7
Thank You #Amazon @amazonIN 
#AmazonGreatIndianFestival",1.3111844586455286e+18
31,2020-09-30 06:04:24,gaoqiaomeizhi,"レビュー不要
ご興味がございましたら、ご遠慮なくご連絡してください。
🥰🥰🥰🥰🥰🥰🥰🥰🥰🥰🥰🥰🥰🥰🥰🥰🥰🥰
  #アマゾンレビュー #アマゾン #amazon #レビューア #アマゾンレビュー募集 #レビュー #無料商品  #Amazonレビュー募集 #レビュー不要 https://t.co/eL5q6WjsCJ",1.311185105709224e+18
32,2020-09-30 06:02:00,BwcDeals,"Amazon's Big Fall Sale is here!!! 

https://t.co/ilO2jIh5Cm

#BwcDeals #Amazon #stealsanddeals #Deals #dailydeals #RespectForTeachers #DealsAndSteals https://t.co/WSxlCHEO5j",1.3111845023670313e+18
33,2020-09-30 06:04:22,DevanshDigital,"Online shopping for Mega Grocery Sale  Offer at https://t.co/4xUANtdsES 

https://t.co/2C29GSRASz via @amazonIN 

GET FLAT ₹150 BACK
Min order: ₹1500
Valid till 07 Oct.
#Amazon #Online #Shopping #Mega #Grocery #Sale #GrocerySale #Offers #Deals",1.3111850981091492e+18
34,2020-09-30 06:05:22,chollosyoferta,"#Chollo #Amazon 74% DESCUENTO Casio ClassWiz   Calculadora científica, color Negro

Precio oferta: 48,22
Reacondicionado: 12,36

    👇👇👇👇👇👇👇
👉 https://t.co/WCpvjR7zEd https://t.co/SAtzmLqEYi",1.311185348333011e+18
35,2020-09-30 06:00:45,ItShouldBeYour,"WE Furniture Farmhouse Metal Mesh Barndoor and Wood Universal Fireplace Stand or TV's up to 55"" Flat https://t.co/oro3hQt4ur #gifts #giftideas #shopping #household #holiday #blackfriday #thanksgiving #cybermonday @amazon #amazon https://t.co/qdjFfB3yzF",1.311184188234752e+18
36,2020-09-30 06:03:04,sara_da_1127,"@HarukiKai0628 ぴこん待ってます🥺

https://t.co/78ZMRfKbxY #Amazon",1.3111847721866035e+18
37,2020-09-30 06:01:13,DevanshDigital,"Shop Grocery Items through Amazon Pantry online Super Market store at Best Prices in India at https://t.co/4xUANtdsES. 
Checkout wide range selection of #grocery &amp; #household #items and many more in selected cities across #India.

https://t.co/uZrXDMtEo7 via @amazonIN 

#Amazon",1.3111843027433226e+18
38,2020-09-30 06:03:15,INTsushinsha,"『地球サイズの人づくり―子どもたちの未来を見すえる教育運動』Kindle版
https://t.co/ycd93nfktM
#Kindle #amazon #電子ブック #教育 #塾 #学校",1.3111848177282826e+18
39,2020-09-30 06:01:47,MsWILL7,#snapchat👻 #filters #playingaroundwithfilters #blackgirlmagic #blackauthorsrock #lovingwithemotions #amazon @ United States Postal Service https://t.co/uB9iyRYeT6,1.311184447119659e+18
40,2020-09-30 06:05:32,kana_ogawa,"【アダルト】ベスト10
誘惑的な事件
https://t.co/noK6MPeK9j #Amazon",1.311185390326358e+18
41,2020-09-30 06:01:54,starchelle15,GIVEAWAY! Enter to #win a $10 #Amazon gift card? Go enter the #giveaway daily for your chance to win from @thatsjustjeni Go enter   https://t.co/nx5nZk388c,1.3111844760394588e+18
42,2020-09-30 06:03:23,readinglistbook,Popular Books | Best All Ebook #Kindle #Free #Amazon #Books #Romance #Reading #Book #KindleUnlimited https://t.co/mAnPdCK5Bf,1.3111848508297298e+18
43,2020-09-30 06:00:48,yuki_nagase,"【ウキ】ベスト10
冨士灯器 FF-B10 超高輝度電気ウキ 10号
https://t.co/w1oWYFW9Em #Amazon",1.3111841992403968e+18
44,2020-09-30 06:03:48,RachelReedReads,"Slick by E. Davies
Narrator: Greg Boudreaux
Length: ​5h57m
Series: Significant Brothers, book 3
Genre: contemporary

**********
#currentlylisteningto🎧 #audiobooks @edaviesauthor @_GayRomReviews @audible_com #audiobookstagram  #audiolife #audible #audiblebooks  #gay #Amazon https://t.co/IxnWPC0SjK",1.311184956366844e+18
45,2020-09-30 06:00:31,shinchaku,【発売日：2020/09/09】時間停止勇者（３） (シリウスコミックス)  https://t.co/Xza6OkZfRQ #amazon,1.3111841271531233e+18
46,2020-09-30 06:00:31,shinchaku,【発売日：2020/09/18】私に天使が舞い降りた!: 8【イラスト特典付】 (百合姫コミックス)  https://t.co/nNA4GMwMr9 #amazon,1.311184130512769e+18
47,2020-09-30 06:01:01,rakten_kaden_,"09/30 15:01

オーブンレンジ 18L フラットテーブル アイリス
【楽天】14800円
【Amazon】15800円

★楽天で購入すると★
 1000円 お得（お得率7％）

↓お得な情報を一覧で確認出来るサイト
https://t.co/kMQYxgL6Rh

#楽天市場 #Amazon #お得 #せどり https://t.co/0YTF7s6F8u",1.3111842549114348e+18
48,2020-09-30 06:00:32,shinchaku,【発売日：2020/09/24】俺は頼り方がわかりません 3【電子限定カバー＆かきおろしマンガ付】 (ビーボーイコミックスDX)  https://t.co/O7yxVFeg8p #amazon,1.3111841317584486e+18
49,2020-09-30 06:05:33,chollosyoferta,"#Chollo #Amazon 59% DESCUENTO Xiaomi Redmi 8 Rojo 32GB

Precio oferta: 188,25
Reacondicionado: 75,77

    👇👇👇👇👇👇👇
👉 https://t.co/Sb1lPFflMN https://t.co/yQi6LEfhGk",1.311185394105561e+18
,date,screen_name,tweet,tweet_id
0,2020-09-30 05:59:36,kakicchysmusic6,https://t.co/MaMFRamliO: It is Techno Sound? Isn't it? not?: kakicchysmusic: MP3 Downloads https://t.co/PyUn2YWwLh #Amazon #Prime,1.311183896730452e+18
1,2020-09-30 05:59:27,hispachollos,"🌀 Intex 64756 - Cama de aire individual Dura-Beam Classic Downy, 76 x 191 x 25 cm. #Amazon 🇪🇸

💶 Precio oferta: 10,95€ 💥 (PVP normal: 19,95€)

♻️ Reacondicionado: 10,18€

💳 Enlace: https://t.co/ltsarOMUOv

✨ 30 días gratis de Amazon  ...
https://t.co/Rpo0CdQNY0
#chollo",1.3111838591664415e+18
2,2020-09-30 06:00:28,shinchaku,【発売日：2020/09/08】魔入りました！入間くん　１８ (少年チャンピオン・コミックス)  https://t.co/aIJBmPVCAM #amazon,1.311184117871018e+18
3,2020-09-30 05:59:01,chollosyoferta,"#Chollo #Amazon 67% DESCUENTO Adidas Caldera 4, Zapatillas para Correr para Hombre, Negro/Gris/Quemado Ocre, 46 EU

Precio original: 54,92
Precio oferta: 44,0
Reacondicionado: 17,76

    👇👇👇👇👇👇👇
👉 https://t.co/mvIvJQ6UVI https://t.co/fbzrN7V4FI",1.3111837529750487e+18
4,2020-09-30 06:00:12,MenudoPaquete,"🌟 [𝗠𝗲𝗻𝘂𝗱𝗼 𝗣𝗮𝗾𝘂𝗲𝘁𝗲] 🌟

🔊 Set de Bandas de Resistencia de VOLUEX, 11pcs 100lbs Bandas de Resistencia Set, 5 Tubos de Ejer #amazon

🌍 Enlace: https://t.co/EcijKTgaEr

Te esperamos en telegram: https://t.co/IbEojfZpa4 https://t.co/8CKCfKVfPk",1.3111840481617306e+18
5,2020-09-30 05:58:58,ykdkmz1987,"ざっくり読んでみて。「両親間のギクシャク」も立派なマルトリートメントだと知れて、なんで私は親から虐待やネグレクトされてないのにこんなに生きづらいんだ？という悩みの答えは見えた。
子どもの脳を傷つける親たち (NHK出版新書 523) https://t.co/hsp9d0AmMA #Amazon",1.3111837384500593e+18
6,2020-09-30 06:00:01,yuki_nagase,"【ウキ】ベスト10
DUEL(デュエル) フカセウキ TGウェーブマスター M 3B 自重:7.5g G1310- 磯釣り
https://t.co/AtBbjNqL8U #Amazon",1.311184000707248e+18
7,2020-09-30 05:56:22,CoolDealCA,"💲💰
Downy Ultra Liquid Fabric Cond...
Reduced from $15.86 to $4.99

# #Deals #new #Deals #Amazon  #Deal #ganga

 https://t.co/AIrbDdaZiR https://t.co/yJvxilULkh",1.3111830838367724e+18
8,2020-09-30 05:57:54,TeamGreatDeal,"Enjoy Amazon Mega Fashion Sale with Greatdeal.Add your favourite items in shopping cart and get Great Deal Reward upto 4%.Hurry up shop now through Great Deal🤗

#Amazon#Mega Fashion Sale #greatdeal #loot #onlinediscount #couponcommunity https://t.co/MR0upFLce1",1.3111834688905216e+18
9,2020-09-30 05:56:02,writeright4u,"@AliceLBronte @writing_show Happy Wednesday! My award-winning #paranormal #mystery #thriller series is available in paperback and ebook on #Amazon. You can find all 3 at https://t.co/CrJGrOWMc5
#writingcommunity #horrorfan #horrorbooks #books https://t.co/cBGeSlTXrL",1.311183000223322e+18
10,2020-09-30 05:57:05,creativemm12,"👉https://t.co/RFz1qyWpH2 #amazon👈
💯👉Auto Follower👈💯
💯👉#自動相互フォロー👈💯

#固定RT
#Astros
#Eric #Trump
#White #Sox
#followtrick
#TeamFollowback
#FollowNGain
#固定RT
#500ADay
#autofollower
#bts
#seventeen",1.3111832659323003e+18
11,2020-09-30 06:00:11,reinadellowcost,"🌟 [𝗟𝗮 𝗿𝗲𝗶𝗻𝗮 𝗱𝗲𝗹 𝗟𝗼𝘄𝗰𝗼𝘀𝘁] 🌟

🔊 Set de Bandas de Resistencia de VOLUEX, 11pcs 100lbs Bandas de Resistencia Set, 5 Tubos de Ejer #amazon

🌍 Enlace: https://t.co/oH1roTXuKm

Te esperamos en telegram: https://t.co/Jxndx9pJCJ https://t.co/gXOh9zEmcX",1.3111840439422525e+18
12,2020-09-30 05:59:00,Haidji,"Book Quote: ""Sometimes she liked to be a little bit..."" Click on  https://t.co/dtJDiKqYaD #crazy #mad #quoteoftheday #quotes #kindleunlimited #bookquotes #read #ebook #ku  #paperback #amazon  #inspiration #haidji #goodreads #books #read #reading #BookBoost #bookish https://t.co/x8eGRac8Zv",1.3111837455216108e+18
13,2020-09-30 05:58:20,XperienceDope,"Blasting Neena Rose, Northside Benji - Secret (Radio) right now on Pretty Dope Xperience Radio aka #BlackPandora

listen now and catch a wave!! https://t.co/VqKFopeoex  #nowplaying #np #RT  #NowStreaming #Streema Download Now #Alexa #GooglePlay #iOSAppStore #Amazon #",1.3111835785464381e+18
14,2020-09-30 06:00:02,CaseyBlaneBooks,"Masqurade Saga Series

His Pearls 
by Michael James
@mchljamesSTplay
Grab your copy today!

#freekindleunlimited
#amazon #indieauthor
#darkromance #iartg #bookboost
#michaeljamesauthor
#MichaelJames
Link:
https://t.co/7v2Rg05z3U https://t.co/1jAwSf5mxP",1.3111840065876419e+18
15,2020-09-30 06:00:23,librosflash,"📖 &gt; NORTE Y SUR de Elizabeth Gaskell hoy en #KindleFlash a 1,89€

🛍 &gt;&gt; https://t.co/xmW4P8p6KF

@Albaeditorial #elizabethgaskell #novela #NovelaRomantica #costumbrista #clasico #literatura #leer #queleer #lectura #libro #ebooks #kindle #kindlebooks #amazon #FelizMartes",1.3111840934602588e+18
16,2020-09-30 05:53:47,creativemm12,"👉https://t.co/4PVSd5FISM  #amazon👈
💯👉Auto Follower👈💯
💯👉#自動相互フォロー👈💯

#相互RT
#Yankees
#Eric #Trump
#White #Sox
#TeamFollowback
#TeamFollowBack
#相互リツイート
#followermachine
#相互フォロー100
#followtrick
#autofollower
#固定ツイートRT",1.3111824340676035e+18
17,2020-09-30 05:54:22,im_melz,"I'm so lucky #Amazon always is one step away from gifting me things I'd love to have, but it sadly ends up giving me nothing..
#AmazonSpinandWin https://t.co/Jp4S0LTpcy",1.3111825788088074e+18
18,2020-09-30 05:58:32,byLilyV,"Get #IT #CERTIFIED 
One lesson, four #AWS certificates!
Enrol https://t.co/MTTCw6V3Vu
#cloudcomputing #amazon #cloud #certification https://t.co/2LGoxzo6Yp",1.311183631256367e+18
19,2020-09-30 06:00:22,yuki_nagase,"【ウキ】ベスト10
冨士灯器 FF-B8LG 飛ばし電気ウキ 8号 緑
https://t.co/7x66tLPDNN #Amazon",1.31118408897638e+18
20,2020-09-30 05:56:36,upflixpl,Amazon Prime Video | Borat 2 | Amazon kupił prawa do filmu https://t.co/PcwJtmee0d #amazon #primevideo #upflix #borat2,1.3111831430813164e+18
21,2020-09-30 05:55:48,mercy_s31,"ピッタマスク(PITTA MASK) の PITTA MASK REGULAR WHITE を Amazon でチェック！ https://t.co/QYkskTlww7 @amazonより 
#ピッタマスク
#マスク
#Amazon",1.3111829395818906e+18
22,2020-09-30 06:00:03,YabRock,Diary of a Madman / #OzzyOsbourne https://t.co/Sz66q0Dfgh #HardRock #HeavyMetal #アマゾン #Amazon #AmazonJP,1.3111840101989704e+18
23,2020-09-30 06:00:16,yuki_nagase,"【ウキ】ベスト10
Shengshou タックルボックス フック収納ケース 釣り針ホルダー 釣り用タックルボックス フィッシュフックベイトストレージボックス フィッシング/釣り針/ルアー/ミノー/オモリ/ウキ/サルカン 大容量 持ち運びが容易 排水穴 2個セット 透明
https://t.co/XOMy4PQbP0 #Amazon",1.311184066339717e+18
24,2020-09-30 05:58:03,perepetero,"Last Chance! Would you like to win a $50 Amazon Gift Card or PayPal Deposit? Check out this easy entry Gleam giveaway for a chance to #WIN

Open Worldwide

@GooseGiveaways #wingiftcard #wincash #amazon #paypal #winmoney #sweepstakes #giveaways https://t.co/iveWAVrak7",1.3111835077802353e+18
25,2020-09-30 06:00:10,OnlyGearBest,"🌟 [𝗢𝗻𝗹𝘆 𝗚𝗲𝗮𝗿𝗯𝗲𝘀𝘁] 🌟

🔊 Set de Bandas de Resistencia de VOLUEX, 11pcs 100lbs Bandas de Resistencia Set, 5 Tubos de Ejer #amazon

🌍 Enlace: https://t.co/ZSN3340PXc

Te esperamos en telegram: https://t.co/mPaN5u2fFj https://t.co/G5FTBFQi2E",1.3111840399072952e+18
26,2020-09-30 05:56:16,TheInStockRoom,"***New Deal***
Downy Ultra Liquid Fabric Cond...
Reduced from $15.86 to $4.99
https://t.co/CkBm5Jva8f
#Deals #newDeals #Amazon https://t.co/J7yRISRJPK",1.311183059283333e+18
27,2020-09-30 05:54:51,Vishal_17may,I played this interesting Guess and Win on Amazon https://t.co/R72ZZRKW02 #Amazon,1.3111827040339845e+18
28,2020-09-30 06:00:06,yuki_nagase,"【ウキ】ベスト10
ナカジマ NO.247 蛍光玉ウキ   5号
https://t.co/E2LWD3Qy46 #Amazon",1.3111840225680138e+18
29,2020-09-30 06:00:13,librosflash,"📖 &gt; PASTRANA de Manuel Pastrana hoy en #KindleFlash a 2,38€

🛒 &gt;&gt; https://t.co/R2JSjVvWYx

@esferalibros #ManuelPastrana #autobiografia #biografia #memorias #ETA #FCSE #GAL #España #leer #queleer #lectura #libro #ebook #kindle #kindlebook #amazon #FelizMartes",1.3111840533920768e+18
30,2020-09-30 06:00:28,shinchaku,【発売日：2020/09/24】週刊少年チャンピオン2020年43号 [雑誌]  https://t.co/RqdKGhCvHr #amazon,1.3111841167302656e+18
31,2020-09-30 05:59:47,chollosyoferta,"#Chollo #Amazon 59% DESCUENTO WOFI Lámpara de techo Integriert, 31 W, chrom, Ø 70 cm

Precio oferta: 94,57
Reacondicionado: 38,55

    👇👇👇👇👇👇👇
👉 https://t.co/Yw7wEnXWp5 https://t.co/NU9K1RqS9U",1.31118394592145e+18
32,2020-09-30 05:53:28,v2kumbhar,"I played this interesting Amazon MI Watch Quiz on Amazon-Play games at Amazon FunZone  https://t.co/nBNZaULKK7
@amazon @amazonIN #AmazonQuiz #AmazonIndia #Amazon #FunZone #FZ #FunZoneQuizTime #FZQuizTime #QuizTime #MIWatch #MIWatchQuiz #AmazonMIWatch #AmazonMIWatchQuiz",1.311182354505855e+18
33,2020-09-30 05:55:12,chollosyoferta,"#Chollo #Amazon 33% DESCUENTO HAWKERS Gafas de Sol Deportivas Faster, para H

Precio original: 25,94
Precio oferta: 17,5

    👇👇👇👇👇👇👇
👉 https://t.co/QmUSk3Os2P https://t.co/RX09SlBVDu",1.3111827922822103e+18
34,2020-09-03 18:26:48,LenovoLegion,"Lenovo Legion x @PlayApex
Now is your chance to rise above the rest. 
Unmatched performance, purposeful engineering, modern design.
Gear up with a machine as savage as you are.
Stylish outside.
Savage inside.",1.301587465258578e+18
35,2020-09-30 05:56:44,adityaskrishnan,https://t.co/HtvQwdpNAq Snapshot about programmatic ad auction &amp; buying process #DigitalMarketing #digitaladvertising #googleads #Facebook #Amazon #contentmarketing @rahulvg @sairamovr @Manjaykd,1.3111831753606676e+18
36,2020-09-30 06:00:29,shinchaku,【発売日：2020/08/26】異世界迷宮でハーレムを(6) (角川コミックス・エース)  https://t.co/3b4vi9lKjk #amazon,1.311184121260114e+18
37,2020-09-30 05:59:45,readtiafanning,"A Sexy #Halloween #Romance about Life, Love, and #Grave #Desecration. 
🕵️‍♂️👮‍♂️👰⚰️👻🎃😈
Now on #Amazon!

📚FREE for #KindleUnlimited Readers! ➡️ https://t.co/L3f4rHeoCJ 

#eroticromance #ghoststory #comedy #spanking #domedticdiscipline #otk #overtheknee #brat #hoh #headofhousehold https://t.co/uGqTQx4vmi",1.311183935196541e+18
38,2020-09-30 05:55:02,BiggDeals4U,"#Amazon - #Handicrafts Mela - Get upto 60% Off on Home Decor, Handloom &amp; More 

Link : https://t.co/mhmvQXVr3U",1.3111827493661286e+18
39,2020-09-30 06:00:11,yuki_nagase,"【ウキ】ベスト10
フロート釣り浮きウキ滑ることフロート釣具釣り用フロート飛ばし浮きフロート 5個/パック (青色, 浮力 15g)
https://t.co/43xvQfXz00 #Amazon",1.3111840444874465e+18
40,2020-09-30 06:00:28,shinchaku,【発売日：2020/09/11】誰かこの状況を説明してください！ ～契約から始まるウェディング～ 4【電子限定描き下ろしイラスト特典付き】 (アリアンローズコミックス)  https://t.co/yUE0IK8z8V #amazon,1.3111841145450373e+18
41,2020-09-30 05:58:43,pawansolomon,"Click: To Buy Now - https://t.co/Vna03cw7iZ 

#Amazon #AmazonDeals #Amazoninfluencer #amazonindia #GOQii #SmarterLiving #Vital #Fitness #Smartwatch #SmartLiving #buynow",1.3111836741765448e+18
42,2020-09-30 05:55:23,chollosyoferta,"#Chollo #Amazon 37% DESCUENTO HAWKERS Gafas de Sol Deportivas Faster, para H

Precio original: 24,75
Precio oferta: 17,5
Reacondicionado: 15,4

    👇👇👇👇👇👇👇
👉 https://t.co/bhq5oOiBpH https://t.co/yBKtKBn3lN",1.3111828371780813e+18
43,2020-09-30 05:54:01,MohdSaQiB1000,"#AmazonSpinandWin 
#Amazon 
@OnePlus_IN 
@amazonIN Thanku for this amazing quiz, hope to win this time ✌️😊 https://t.co/zfDI0Gzo6P",1.3111824916220273e+18
44,2020-09-30 06:00:16,librosflash,"📖 &gt; SOLTERONA de @katebolick hoy en #KindleFlash a 1,42€

🛒 &gt;&gt; https://t.co/pC7uW6lhrh

@MalpasoyCia #ensayo #mujer #soltera #solteria #femenina #feminismo #leer #queleer #lectura #libro #ebooks #kindle #kindlebooks #amazon #FelizMartes",1.3111840670990787e+18
45,2020-09-30 06:00:27,yuki_nagase,"【ウキ】ベスト10
フカセ釣り浮き 円錐ウキ 水中ウキ 円錐ウキ セット 水中ウキ セット－custeam 初心者 5セット ケース付き 0.5-2号
https://t.co/vXl91sTmAh #Amazon",1.3111841108539228e+18
46,2020-09-30 05:56:01,rakten_kaden_,"09/30 14:56

パナソニック　Panasonic　衣類乾燥除湿機　
【楽天】45855円
【Amazon】47000円

★楽天で購入すると★
 1145円 お得（お得率2％）

↓お得な情報を一覧で確認出来るサイト
https://t.co/kMQYxgL6Rh

#楽天市場 #Amazon #お得 #せどり https://t.co/uSkhTEC0KS",1.311182995244548e+18
47,2020-09-30 06:00:00,AlphaRepricer,"Alpha Repricer is now repricing Amazon UAE.
https://t.co/7UjpgqXvCa

#Amazon #AmazonRepricer #AlphaRepricer #OnlineSellers #bestRepricer #Amazonfba #Amazonsellertool #entrepreneur #fbasellers #uae #dubai #AbuDhabi #Sharjah #Ajman #AlAin #AmazonAE #Jumeirah https://t.co/CnKV0BpbRS",1.311183997830013e+18
48,2020-09-30 06:00:19,librosflash,"📖 &gt; DESARROLLO PSICOLÓGICO Y EDUCACIÓN de #ÁlvaroMarchesi hoy en #KindleFlash a 3,32€

🛒 &gt;&gt; https://t.co/6NVyqVpNPP

@alianza_ed #ensayo #enseñanza #educativa #aprendizaje #alumnos #niños #leer #queleer #lectura #libro #ebook #kindle #kindlebook #amazon #FelizMartes",1.311184078885073e+18
49,2020-09-30 05:57:58,manoramaonline,"വീടിനകത്ത് മുന്‍കൂട്ടി തയാറാക്കിയ വഴികളിലൂടെയാകും റിങ് ഡ്രോണ്‍ ക്യാമറകള്‍ പറക്കുക. കൂടുതല്‍ ക്യാമറകള്‍ ഉപയോഗിച്ച് വീടിനകത്തെ ദൃശ്യങ്ങള്‍ ... #technology #amazon #drone
https://t.co/bcXIbWDVUT",1.311183488763138e+18
,date,screen_name,tweet,tweet_id
0,2020-09-30 05:44:06,thE_iNviNciblE0,"Amazon führt neue Technologie zum Bezahlen mit der Handfläche ein 

#Amazon 

https://t.co/ng5WmQmjZW",1.3111799979740733e+18
1,2020-09-30 05:47:36,creativemm12,"&lt;Current Weather&gt;
Dallas
Temperature: 59.49°F/ Status: clear
👉https://t.co/fafoLami8a #amazon👈
💯👉Auto Follower👈💯
💯👉#自動相互フォロー👈💯

#固定RT
#Yankees
#Eric #Trump
#White #Sox
#TFW
#autofollower
#followergenerator
#TeamFollowback
#followermachine
#F",1.311180879323046e+18
2,2020-09-30 05:44:20,v2kumbhar,"I played this interesting #AmazonHandicraftsMelaQuiz on Amazon-Play games at Amazon FunZone  https://t.co/s41R8tuCYh
@amazon @amazonIN #AmazonQuiz #AmazonIndia #Amazon #FunZone #FZ #FunZoneQuizTime #FZQuizTime #QuizTime #HandicraftsMela #HandicraftsMelaQuiz #AmazonHandicraftsMela",1.3111800569877955e+18
3,2020-09-30 05:49:34,LCy5HsI33j4opdL,"掘り出し物が見つかるかも？
2020年9月30日14時時点のアウトレット中のアウトドア用品は？

 こちらをチェック↓
 https://t.co/8Knug5NnYZ 

#Amazon #アマゾン #アウトレット #アウトドア #キャンプ",1.311181374875824e+18
4,2020-09-30 05:53:10,blanketdotnews,"1 dead, 1 injured in second fatal shooting this year at #Amazon fulfillment center in Florida  https://t.co/wCFNB0BcrL",1.3111822801661256e+18
5,2020-09-30 05:45:19,yumatsu09,"「手のひら」で会計出来る機能をAmazonでテスト中との記事。

数年前、交通系ICを知らない沖縄の母親が手のひら👋だけで改札に挑戦して即自動ブロックされたのを思い出した。皆ピッピッと素早いから手のひら👋だと思ったらしい。母親はすでに数年先を予測してたんか。
https://t.co/UHecNQCf0h
#amazon",1.31118030138982e+18
6,2020-09-30 05:45:56,inogabu,"#EchoAuto が発売！

#Amazon Echoシリーズ初の車載モデル。Echo Autoを声で操作しスマートフォンのAlexaアプリで #AmazonMusic #AppleMusic #Spotify #AWA などがストリーミング再生できる。

https://t.co/upyVn3zb8h",1.311180458776912e+18
7,2020-09-30 05:45:59,catnap707,"2020/09/30 14:37 ごろ。美容ブログで確認
#Amazon #Phishing 

◆件名
すぐに設定を変更してください

◆リンク
hxxps://urgentmessage.goodamazontoo[.]buzz/

◆IP
173.82.133[.]233 #MULTACOM https://t.co/eJZOyX4H2V",1.3111804704874537e+18
8,2020-09-30 05:46:34,XperienceDope,"Blasting Aaliyah - Are You That Somebody (Club) right now on Pretty Dope Xperience Radio aka #BlackPandora

listen now and catch a wave!! https://t.co/VqKFopeoex  #nowplaying #np #RT  #NowStreaming #Streema Download Now #Alexa #GooglePlay #iOSAppStore #Amazon #",1.3111806192216965e+18
9,2020-09-30 05:47:14,megumi0246,"ガラスの子供たち   藍崎万里子 https://t.co/gMkBF4tFSu @amazonJPより

#ペーパーバック　では
#Kindle 版には、載ってない
番外編が、収録されています

ガラスのように
脆く儚い心を持て余して

少年少女たちが頼ったのは
覚醒剤だった

#アマゾンレビュー募集
#Amazon 
#ネクパブ著者 
#小説",1.3111807847960084e+18
10,2020-09-30 05:51:00,rakten_kaden_,"09/30 14:51

電気ポット 2.2L ブラック IAHD-022-
【楽天】5181円
【Amazon】5281円

★楽天で購入すると★
 100円 お得（お得率2％）

↓お得な情報を一覧で確認出来るサイト
https://t.co/kMQYxgL6Rh

#楽天市場 #Amazon #お得 #せどり https://t.co/4hC3x88jqU",1.3111817353972122e+18
11,2020-09-30 05:45:55,DotMamba,"Last Chance! Would you like to win a $50 Amazon Gift Card or PayPal Deposit? Check out this easy entry Gleam giveaway for a chance to #WIN

Open Worldwide

@GooseGiveaways #wingiftcard #wincash #amazon #paypal #winmoney #sweepstakes #giveaways https://t.co/YPD0gGK00Z",1.311180453412442e+18
12,2020-09-30 05:46:59,EY1961,確率過程-オルフス大学講義録 (シュプリンガー数学クラシックス 第 21) https://t.co/EBWZsd61Qj #Amazon,1.3111807210131415e+18
13,2020-09-30 05:50:58,XperienceDope,"Blasting Jordan Rakei, Common - Signs (Radio) right now on Pretty Dope Xperience Radio aka #BlackPandora

listen now and catch a wave!! https://t.co/VqKFopeoex  #nowplaying #np #RT  #NowStreaming #Streema Download Now #Alexa #GooglePlay #iOSAppStore #Amazon #",1.3111817256875213e+18
14,2020-09-30 05:46:20,yukiandomirai30,"埼玉誕生150周年☆
私が選ぶ150周年を彩る  #ロゴマーク はこれだ！
@saitama150th ではプレゼントCPを実施中！～10/12
抽選で20名に  #Amazon  #ギフト券 500円分を  #プレゼント ♪
 https://t.co/xQxqRwxCnE",1.311180559704445e+18
15,2020-09-30 05:53:01,dieincries2bug,"埼玉誕生150周年☆
私が選ぶ150周年を彩る  #ロゴマーク はこれだ！
@saitama150th ではプレゼントCPを実施中！～10/12
抽選で20名に  #Amazon  #ギフト券 500円分を  #プレゼント ♪
 https://t.co/BwfphrOgqD",1.3111822412009144e+18
16,2020-09-30 05:53:21,MohdSaQiB1000,"#AmazonQuiz
#Amazon 
#FunZone 
@SamsungIndia 
@amazonIN thanku for this amazing quiz, hope to win this time ✌️😊 https://t.co/TROp6NPutk",1.3111823238330778e+18
17,2020-09-30 05:48:32,ykswld,Amazonギフト券- Eメールタイプ ...今売れています！https://t.co/vAuBXGdNwq #follow #sougo #Amazon #アマゾン,1.311181114065793e+18
18,2020-09-30 05:46:30,Kaz_Macintosh,サクラレビューだらけの出品者から購入してみたら、案の定、配達予定日を過ぎても届かなかったｗ #Amazon https://t.co/xbysyPb3sy,1.3111805991015506e+18
19,2020-09-30 05:46:00,rakten_kaden_,"09/30 14:46

シチズン ( CITIZEN ) シチズン 超音波
【楽天】7623円
【Amazon】8526円

★楽天で購入すると★
 903円 お得（お得率12％）

↓お得な情報を一覧で確認出来るサイト
https://t.co/kMQYxgL6Rh

#楽天市場 #Amazon #お得 #せどり https://t.co/wr79PoYJk2",1.311180475512234e+18
20,2020-09-30 05:49:40,inogabu,"#FireTVStick が50％パワフルになって発売！

フルHDの映像やTV番組の再生もサクサク滑らか。アプリ起動もさらに早く。さらに #HDR の鮮明な映像や #DolbyAtmos の臨場感あるサウンドも楽しめます。

#Amazon #ストリーミング配信 #メディア 

https://t.co/Cf65aFEf45",1.3111813999619523e+18
21,2020-09-30 05:45:57,chollosyoferta,"#Chollo #Amazon 70% DESCUENTO Calor FV9710C0   Plancha (Plancha vapor seco, Suela de Durilium, 2,5 m, 210 g/min, Negro, Azul, 55 g/min)

Precio oferta: 95,85
Reacondicionado: 28,13

    👇👇👇👇👇👇👇
👉 https://t.co/SkIgHY56KE https://t.co/u2yHu1TulY",1.311180461545263e+18
22,2020-09-30 05:51:39,chollosyoferta,"#Chollo #Amazon 95% DESCUENTO kwmobile Funda Compatible con Apple iPhone 7/8 / SE (2020)   Carcasa de TPU Silicona   Protector Trasero en Coral Mate

Precio oferta: 7,99
Reacondicionado: 0,38

    👇👇👇👇👇👇👇
👉 https://t.co/WqUOEC6G6H https://t.co/oBhI0QGnhZ",1.311181898572542e+18
23,2020-09-30 05:49:17,Chrissy_0928,Love Speculative Fiction? #Win a $100 #Amazon #GiftCard in this #Facebook &amp; #Twitter #Giveaway via @sffbookbonanza: https://t.co/aaAv5La6Jq,1.3111813027549307e+18
24,2020-09-30 05:44:23,onyxpaper,Enter for a chance to #win a $50 #Amazon #giftcard and a #paperback from #USAT #bestselling #author @EvaPohler https://t.co/xQMLXXsVEb,1.3111800663871816e+18
25,2020-09-30 05:49:17,zLL4dvgJthPz8XU,"埼玉誕生150周年☆
私が選ぶ150周年を彩る  #ロゴマーク はこれだ！
@saitama150th ではプレゼントCPを実施中！～10/12
抽選で20名に  #Amazon  #ギフト券 500円分を  #プレゼント ♪
 https://t.co/eVFgQvtu6D",1.3111812993909268e+18
26,2020-09-30 05:44:09,iamamanarora02,"RT Dazeinfo ""Amazon and Flipkart Sale this time will allow shoppers to buy various products at jaw-dropping prices. Wondering what are the exciting benefits which you can avail? Check this out. 

#news #technology #flipkart #amazon #ecommerce #festiv… https://t.co/e09tJ2x1UY""",1.3111800108170404e+18
27,2020-09-30 05:53:13,singapore_deals,"Save on Green Toys Fire Truck&lt;/

Sales Price: S$30.18
Deal Price: S$19.49

🛒Buy Now: https://t.co/rexBhvEyK2

#AmazonSG #AmazonDeals #AmazonFinds #Amazon #Deals #DealsAndSteals https://t.co/Pvsj4vWImp",1.3111822912055828e+18
28,2020-09-03 18:26:48,LenovoLegion,"Lenovo Legion x @PlayApex
Now is your chance to rise above the rest. 
Unmatched performance, purposeful engineering, modern design.
Gear up with a machine as savage as you are.
Stylish outside.
Savage inside.",1.301587465258578e+18
29,2020-09-30 05:51:06,chollosyoferta,"#Chollo #Amazon 67% DESCUENTO DynaVox 207452""PKV 800 Amplificador de Auriculares Portable Negro

Precio oferta: 50,74
Reacondicionado: 16,57

    👇👇👇👇👇👇👇
👉 https://t.co/gDwLZnYo6O https://t.co/hd5oOBvLs5",1.3111817585457562e+18
30,2020-09-30 05:47:03,SecuXwallet,"Come check out our heavily discounted Amazon Prime Day Deals!

Get your SecuX STONE W10 Lite Crypto Hardware Wallet https://t.co/3cKFty43kO

-
  
#Amazon #PrimeDay
#SecuX #HardwareWallet #CryptoWallet #BitcoinWallet #ColdWallet #BlockchainWallet #cryptcurrencywallet #Bitcoin https://t.co/VLgqlUMBrp",1.311180740994896e+18
31,2020-09-30 05:47:58,chollosyoferta,"#Chollo #Amazon 64% DESCUENTO AmazonBasics – Bolsa de viaje Mediano con ruedas, Morado

Precio oferta: 109,99
Reacondicionado: 39,2

    👇👇👇👇👇👇👇
👉 https://t.co/9tsZvuYTRE https://t.co/wEDR80c9KC",1.311180968665985e+18
32,2020-09-30 05:52:34,dmtoft,"@AuthorStanleyC Thank you, Stanley. Have a great day.

Suicide bombers have become a renewable resource, but who is buying their souls, and why?

A roller coaster ride of a book. Well-written and full of twists. – #Amazon review

UK https://t.co/ejuuEmLbC3

USA https://t.co/r1xs4c5nMh",1.3111821269649777e+18
33,2020-09-30 05:52:15,TheNextTech2018,"Amazon launches a virtual Tours and experience platform, #Amazon Explore https://t.co/iRs2mtMwRw #amazonexplore #technology",1.3111820495758295e+18
34,2020-09-30 05:51:18,zLL4dvgJthPz8XU,"埼玉誕生150周年☆
私が選ぶ150周年を彩る  #キャッチコピー はこれだ！
@saitama150th ではプレゼントCPを実施中！～10/12
抽選で20名に  #Amazon  #ギフト券 500円分を  #プレゼント ♪
 https://t.co/nHydBMqm7G",1.3111818092673024e+18
35,2020-09-30 05:50:00,Tarrako1162,"🔥CHOLLO! #Amazon | Cuidado Personal

📢Revamp Progloss Quad Ionic 3800 #SecadorDePelo Iónico Profesional con Concentrador y Difusor, Infundido con Aceites Súper Suaves 

   ❌ Antes: 89,99€
   🔥 PRECIO OFERTA: 44,99€🔥 -50%
   🔰 Enlace: https://t.co/LyHHHkgQ6S https://t.co/qOm9XyaeJa",1.311181480777986e+18
36,2020-09-30 05:48:11,DevanshDigital,"Online shopping for Navratri shopping store: Stores at https://t.co/4xUANtdsES 

https://t.co/OYAnLFlI2H via @amazonIN 

Get the amazing offers on all type of Products.
Go now and Avail the Amazing offers on the eve of Navratri 
#Amazon #Navratri #Shopping #Store #Products #Shop",1.3111810265389138e+18
37,2020-09-30 05:52:30,chollosyoferta,"#Chollo #Amazon 58% DESCUENTO Calvin Klein Gmd Twill Utility Reg Shirt Camisa con Botones, CK Black, M para Hombre

Precio oferta: 60,5
Reacondicionado: 25,06

    👇👇👇👇👇👇👇
👉 https://t.co/3HcdfbR0tl https://t.co/jPL7IjEosh",1.311182111252992e+18
38,2020-09-30 05:52:56,MohdSaQiB1000,"#AmazonQuiz
#Amazon
@amazonpay 
@amazonIN Thanku for this amazing quiz, hope to win this time ✌️😊 https://t.co/2LJo4oTDW9",1.3111822221002465e+18
39,2020-09-30 05:53:00,Haidji,"Book Quote: ""...she could feel, what he was thinking..."" Click on  https://t.co/FeNyCqiH2A #quoteoftheday #quotes #kindleunlimited #amazonbooks #amazon   #inspiration #haidji   #goodreads #books #read #reading #bookblogger #bookboost #book https://t.co/VGjScqeJc0",1.3111822357274706e+18
40,2020-09-30 05:50:02,chicachick_2,"EL GUARDIÁN DE LAS FLORES de @roberheavy
Volumen I
📚https://t.co/KnvtBEnLPs
Después de nueve meses, aun se mantiene en el top de ventas por género en #Amazon
Leyendas y una historia que te sorprenderá
#queleer 
#Amazon 
#KindleUnlimited 
#Libros https://t.co/4e0uAjlDiF",1.3111814900473283e+18
41,2020-09-30 05:53:12,InstantCelebri,"Samsung EHS64 EHS64AVFBECINU Hands-Free with Remote Note (Black) Best Budget earphone full info 😍 #samsung #AmazonDeals
#Amazon #dealsoftheday #earphones #Bestoffers #info #see 
👇

https://t.co/ebfR1ENxot",1.3111822887307674e+18
42,2020-09-30 05:45:15,chollosyoferta,"#Chollo #Amazon 78% DESCUENTO Braun Household SI9188.EBK, plástico, Negro

Precio oferta: 120,85
Reacondicionado: 25,46

    👇👇👇👇👇👇👇
👉 https://t.co/SZxfNEkZIE https://t.co/ntkLp9cRa1",1.3111802881654006e+18
43,2020-09-30 05:46:58,chollosyoferta,"#Chollo #Amazon 52% DESCUENTO LAGRANGE 319005 Barbacoa, 2300 W

Precio oferta: 131,08
Reacondicionado: 62,21

    👇👇👇👇👇👇👇
👉 https://t.co/IgXjDSbqkw https://t.co/tdcNStCKhf",1.311180719050367e+18
44,2020-09-30 05:50:31,yunika_lo,"#Amazonギフト券
#Amazon
#懸賞
#懸賞垢
#ドラゴンボール
#鬼滅の刃
#刀剣乱舞
#夏目友人帳
#お菓子
#シンママ
#赤ちゃん
#シングル
#ツイステ
#とうらぶ
#るろうに剣心
#ミュージカル
#コナン
#ドラマ
#韓国
#テニプリ https://t.co/eJIT9zIfw2",1.3111816135107953e+18
45,2020-09-30 05:50:35,chollosyoferta,"#Chollo #Amazon 54% DESCUENTO Scratch de DJ / Mezclador Battle Reloop RMX 33i   3 + 1 Canales  con efectos de color y sonido al instante, ecualizador de 3 bandas (Kill / Classic), negro

Precio oferta: 295,0
Reacondicionado: 134,02

    👇👇👇👇👇👇👇
👉 https://t.co/lvifV6pPF8 https://t.co/0syxHqGk4C",1.3111816268194447e+18
46,2020-09-30 05:44:25,best_deals_US,"Big savings on this one:
2nd Amendment - America's Original Homeland Security Round Bumper Sticker Decal (5 Inch)

Offer price: $1.44 (57% OFF!)
Retail: $3.35

https://t.co/IB0gvAQc8t

#Amazon #deals #RT https://t.co/yBHLN5s9Af",1.3111800751323177e+18
47,2020-09-30 05:52:58,MohdSaQiB1000,"#AmazonSpinandWin 
#Amazon 
@Vivo_India 
@amazonIN thanku for this amazing quiz, hope to win this time ✌️😊 https://t.co/cdxDZk8HoI",1.31118222800162e+18
48,2020-09-30 05:47:09,yukiandomirai30,"埼玉誕生150周年☆
私が選ぶ150周年を彩る  #キャッチコピー はこれだ！
@saitama150th ではプレゼントCPを実施中！～10/12
抽選で20名に  #Amazon  #ギフト券 500円分を  #プレゼント ♪
 https://t.co/g5Tzt4SyCl",1.3111807635057254e+18
49,2020-09-30 05:50:40,thevibhu90,"RT Dazeinfo ""Amazon and Flipkart Sale this time will allow shoppers to buy various products at jaw-dropping prices. Wondering what are the exciting benefits which you can avail? Check this out. 

#news #technology #flipkart #amazon #ecommerce #festiv… https://t.co/yb0y5ehvV5""",1.3111816497874452e+18
,date,screen_name,tweet,tweet_id
0,2020-09-30 05:40:54,ShivKum54383218,"#Amazon 
played this interesting Quiz on Amazon-Play games at Amazon FunZone  https://t.co/zAEAsTx53y",1.3111791935734538e+18
1,2020-09-30 05:38:52,mitvanaglobal,"MITVANA Natural Scrub #Cream (with #Cucumber &amp; #Walnut) helps in removing the facial #deadcells by keeping it soft and #supple. 

Shop #MITVANA Natural Scrub Cream now at https://t.co/vtaw5HY4aH Also available in #Flipkart and #amazon https://t.co/UAhwmLC3xb",1.3111786804381082e+18
2,2020-09-30 05:39:57,XperienceDope,"Blasting Roy Woods - I Feel It (Club) right now on Pretty Dope Xperience Radio aka #BlackPandora

listen now and catch a wave!! https://t.co/VqKFopeoex  #nowplaying #np #RT  #NowStreaming #Streema Download Now #Alexa #GooglePlay #iOSAppStore #Amazon #",1.311178954112467e+18
3,2020-09-30 05:38:41,Quartum4,"@CQW_KTH Fire 7 タブレット (7インチディスプレイ) 16GB https://t.co/kfqAYAFPop #Amazon
ちなみに細かく言うと5000円台だよ",1.3111786320819773e+18
4,2020-09-30 05:38:37,mimo_Pvt,"In these tough times, are you looking to earn part-time money? If yes, then call us and partner with MIMO and earn at least 200 per lead along with several other benefits and offers. Call us now on +91-9643464961 and get started! #mimotechnologies #mimo #Amazon #amazoneasyshop https://t.co/IK2A0bGeV4",1.3111786169699492e+18
5,2020-09-30 05:42:00,Haidji,"Book Quote: ""Only few persons really believe..."" Click on  https://t.co/0URd4CZ835 #manifestation #quoteoftheday #quotes #kindleunlimited #amazonbooks #amazon   #inspiration #haidji   #goodreads #books #read #reading #book https://t.co/HEvSXeHrAo",1.3111794673566474e+18
6,2020-09-30 05:37:06,CoolDealCA,"Get #Business only pricing 📉 at #Amazon
https://t.co/1KxcShCdc5 https://t.co/V2OfN2ZXdE",1.311178235737256e+18
7,2020-09-30 05:38:32,QuotidianPost,In USA sarà possibile pagare il carburante con Alexa https://t.co/6eeK5H7h8y #Tecnologia #alexa #amazon,1.3111785958516736e+18
8,2020-09-30 05:41:29,boynift,100% Tea Tree Oil Pure - Tea Tree Essential Oil for Skin Dry Scalp a... https://t.co/npu9QXUgkH #Amazon,1.3111793401352274e+18
9,2020-09-30 05:39:14,bmurphypointman,#affilate #earnmoney #affiliateprograms #affilatelink #affiliated Shop my #amazon page for my recommended products https://t.co/7x0hbc3R1s,1.3111787739838874e+18
10,2020-09-30 05:39:37,Harish95227330,#Amazon Handicraft Mela Quiz https://t.co/oZ1AbGsMik,1.3111788671014257e+18
11,2020-09-30 05:42:49,matcarlier,"Le nouveau haut parleur Echo d’Amazon a un tout nouveau design sphérique

https://t.co/8r3CzAL2y6

#echo #amazon #IoT #IdO #domotique #smarthome https://t.co/BPQ0sNJYQW",1.3111796757886034e+18
12,2020-09-30 05:42:02,MidgetMomma1200,#Amazon Deals + #Coupon Savings | Tree Hut Shea Sugar Scrub Tropical Mango &gt; https://t.co/Ka3cgjrPPF Limited Time Offer #Beauty #Skincare https://t.co/7mGVxUPJF6,1.3111794769574093e+18
13,2020-09-30 05:42:56,maccha2020,"埼玉誕生150周年☆
私が選ぶ150周年を彩る  #キャッチコピー はこれだ！
@saitama150th ではプレゼントCPを実施中！～10/12
抽選で20名に  #Amazon  #ギフト券 500円分を  #プレゼント ♪
 https://t.co/ozMwGE1PD1",1.311179704494207e+18
14,2020-09-30 05:41:40,EscribeCatalina,"#30Sep 
#KindleUnlimited #AmazonPrimeDay 
#QueLeer #Amazon #NovelaJuvenil

🔘https://t.co/UmZgEtuaWU

#Marbella #CostaDelSol
RT #Autora https://t.co/7DyM6xRIjZ https://t.co/jLb2wJDuqs",1.3111793860838277e+18
15,2020-09-30 05:40:53,Goldenlogos1,"@Minshew_Magic @ebensfreefalls Do you #need #product #packaging #design for your #business, #company #website,, #hospital, , #shop and #ebay #amazon , #shopify store or any other purposes. Here is the best seller on #fiverr Now you are in right place.

https://t.co/pKN4dOs20T",1.3111791890311168e+18
16,2020-09-30 05:43:54,ima_mura_,"おお！発売中止になってたSHURE の完全ワイヤレスイヤホンが再販開始っぽい。

SHURE シュア AONIC 215 完全ワイヤレス高遮音性イヤホン / SE215SPE-B-TW1-A トランスルーセント... https://t.co/1hTSPvxKr3 #Amazon",1.3111799470256538e+18
17,2020-09-30 05:41:26,Goldenlogos1,"@fxckrio @hoeleerap Do you #need #product #packaging #design for your #business, #company #website,, #hospital, , #shop and #ebay #amazon , #shopify store or any other purposes. Here is the best seller on #fiverr Now you are in right place.

https://t.co/pKN4dOar9l",1.311179325555839e+18
18,2020-09-30 05:44:03,NCammel,"Last Chance! Would you like to win a $50 Amazon Gift Card or PayPal Deposit? Check out this easy entry Gleam giveaway for a chance to #WIN

Open Worldwide

@GooseGiveaways #wingiftcard #wincash #amazon #paypal #winmoney #sweepstakes #giveaways https://t.co/9vLzl84QYE",1.3111799839189033e+18
19,2020-09-30 05:41:14,Goldenlogos1,"@araslauw @RebeuDeter Do you #need #product #packaging #design for your #business, #company #website,, #hospital, , #shop and #ebay #amazon , #shopify store or any other purposes. Here is the best seller on #fiverr Now you are in right place.

https://t.co/pKN4dOs20T",1.3111792759076577e+18
20,2020-09-30 05:41:00,rakten_kaden_,"09/30 14:40

Panasonic シェーバー洗浄充電器専用洗浄剤
【楽天】746円
【Amazon】4650円

★楽天で購入すると★
 3904円 お得（お得率523％）

↓お得な情報を一覧で確認出来るサイト
https://t.co/kMQYxgL6Rh

#楽天市場 #Amazon #お得 #せどり https://t.co/WxenbW5SkD",1.3111792154761257e+18
21,2020-09-30 05:42:24,officiallyfatal,Check out Fatal J The Reaper! #TikTok #rap #hiphop #maine #music #original #artist #becomeafataljfan #misfitmusicmilitia #thereaper #spotify #itunes #amazon #google #youtube #soundcloud  #recording #artist  https://t.co/VPow5A0J0n,1.3111795710735565e+18
22,2020-09-30 05:38:46,AlphaRepricer,"Alpha Repricer is repricing Amazon UAE.

https://t.co/mEhbdxBRDX

#Amazon #AmazonRepricer #AlphaRepricer #Sellers #OnlineSellers #Amazonfba #Amazonsellertool #SaturdayThoughts #entrepreneur #amazonmarketplace #fbasellers #uae #dubai #AbuDhabi #Sharjah #Ajman #AlAin #AmazonAE",1.311178654815322e+18
23,2020-09-30 05:43:20,Cool_swordsman,"埼玉誕生150周年☆
私が選ぶ150周年を彩る  #キャッチコピー はこれだ！
@saitama150th ではプレゼントCPを実施中！～10/12
抽選で20名に  #Amazon  #ギフト券 500円分を  #プレゼント ♪
 https://t.co/BQx44icT2T",1.3111798021460828e+18
24,2020-09-30 05:39:00,Haidji,"Book Quote: ""He was a lawyer and he knew that it..."" Click on  https://t.co/yavT1TU4Xi #quoteoftheday #quotes #kindleunlimited #bookquotes #read #ebook #ku  #paperback #amazon  #inspiration #haidji #goodreads #books #read #reading #BookBoost #bookish #book https://t.co/sDlr5YqSHk",1.3111787125289492e+18
25,2020-09-30 05:41:48,cyclic_aroma,"埼玉誕生150周年☆
私が選ぶ150周年を彩る  #ロゴマーク はこれだ！
@saitama150th ではプレゼントCPを実施中！～10/12
抽選で20名に  #Amazon  #ギフト券 500円分を  #プレゼント ♪
 https://t.co/eUgREHtc8K",1.3111794182833357e+18
26,2020-09-30 05:41:43,ari_nindrive,『映像研には手を出すな!』~手を出した人専用オフィシャルブック~ https://t.co/bXUrEvImvH #Amazon,1.3111793963974533e+18
27,2020-09-30 05:41:07,Goldenlogos1,"@DavidSpudic @ba_technologiez Do you #need #product #packaging #design for your #business, #company #website,, #hospital, , #shop and #ebay #amazon , #shopify store or any other purposes. Here is the best seller on #fiverr Now you are in right place.

https://t.co/pKN4dOs20T",1.3111792443203748e+18
28,2020-09-30 05:36:46,kimura_books,PHPを学びたい人にすっごくオススメの本。超わかりやすいです。環境がMacでもWindowsでも大丈夫です。 'よくわかるPHPの教科書' https://t.co/301hltrCkT #books #amazon,1.311178152626942e+18
29,2020-09-30 05:42:42,Tivuch4u,"Classic Menorah oval Silver Ring, Judaica jewelry,
https://t.co/j5mQcttuhs
#roshhashanah #shofar #sukkot #Jewish #MEGA #love #Amazon #kosher #elections #shabbat #challah #Bidan #Trump #gardening #debate #Israel #Gucci #Dior #FENDI #yoga #vegan #pet #mask #zoom #tiktok #tinder https://t.co/bBXx8LoT2C",1.3111796445494313e+18
30,2020-09-30 05:37:12,RaviVer98464141,"#AmazonQuiz 
#Amazon
@Amazonquiztime 
@amazonIN 
@Neetu03345722 
@NeetuVe71118164 https://t.co/oeUOklRJHO",1.3111782615907164e+18
31,2020-09-30 05:36:50,CoolDealCA,"💲💰
25.3oz Old Spice Fiji Men's 2 ...
Reduced from $7.99 to $4.30

# #Deals #new #Deals #Discounts #Amazon  #Deal #ganga

 https://t.co/wvSiYdbxoe https://t.co/fIvcy7rdmR",1.3111781665898496e+18
32,2020-09-30 05:41:19,Goldenlogos1,"@Etyopppp Do you #need #product #packaging #design for your #business, #company #website,, #hospital, , #shop and #ebay #amazon , #shopify store or any other purposes. Here is the best seller on #fiverr Now you are in right place.

https://t.co/pKN4dOar9l",1.311179296799699e+18
33,2020-09-30 05:40:02,Lapequenaasia,"🛠️Taladro Percutor a Batería, TECCPO 60Nm #Brushless Atornillador Bateria18V, 2×2.0Ah Baterías de Litio, 30min Cargador Rápido, 21+3 Ajustes Par, 35 Accesorios
Precio: 9️⃣0️⃣€
cupon de 20€
#Amazon

👉https://t.co/JwNg8mQh6a https://t.co/qpMS1QJP5m",1.3111789741276774e+18
34,2020-09-30 05:39:41,DevanshDigital,"Amazon Prime 
FREE fast delivery, videos, music &amp; more
One simple membership, many benefits. Join now.

https://t.co/IyhwF5lIXG via @amazonIN 

Prime yearly: ₹999 per year
Prime monthly: ₹129 per month
3 months of Prime: ₹329 for 3 months
#Amazon #AmazonPrime",1.3111788848391373e+18
35,2020-09-30 05:40:14,creativemm12,"#SENMHOO の SENMHOO バニーガール うさぎ バニー コスプレ セクシー ランジェリー コスチューム 定番 人気 衣装 うさぎ耳 ハロウィン 仮装 ー 撮影パーティー 可愛い (1168)
https://t.co/UsNtgKnqi7 
#固定RT
#onlineseller
#amazon
#Titans
#Chelsea #FC
#栢志高",1.3111790228275692e+18
36,2020-09-30 05:42:20,AlphaRepricer,"Alpha Repricer cheapest repricer for Amazon India.

https://t.co/Cu3pvzl3yB

#Amazon #AmazonRepricer #AlphaRepricer #amazonindia #sellersofAmazon #fba #India #fbasellers #Mumbai #NewDelhi #Delhi #Chennai #Pune #Hyderabad #Bangalore https://t.co/6d6fEf8ntT",1.3111795517420708e+18
37,2020-09-30 05:37:46,Goldenlogos1,"Do you #need #product #packaging #design for your #business, #company #website,, #hospital, , #shop and #ebay #amazon , #shopify store or any other purposes. Here is the best seller on #fiverr Now you are in right place.....

https://t.co/pKN4dOs20T",1.311178403958063e+18
38,2020-09-30 05:43:25,XperienceDope,"Blasting Tyler The Creator - Earfquake  right now on Pretty Dope Xperience Radio aka #BlackPandora

listen now and catch a wave!! https://t.co/VqKFopeoex  #nowplaying #np #RT  #NowStreaming #Streema Download Now #Alexa #GooglePlay #iOSAppStore #Amazon #",1.3111798245563146e+18
39,2020-09-30 05:41:21,rHqNrWmHYzYBDH4,"本日発売！ 

Amazonと同じ値段なので、ポイント付く分楽天の方がお得ですね😎

4980円-ポイント

＃Amazon
＃ＦｉｒｅＴＶＳｔｉｃｋＡｌｅｘａ対応音声認識リモコン付属
＃プライムミュージック
＃Amazonプライム
＃Ａｌｅｘａ

https://t.co/xoqcpzYOb7",1.3111793033383895e+18
40,2020-09-30 05:38:43,JqnabzqamrVkspz,"【進化版Bluetooth5.0】骨伝導集音器イヤホンBluetoothヘッドホン 耳が疲れないスポーツヘッドセット 自動ペアリング... https://t.co/vjh2FopBul #Amazon
これ！欲しい🎶💕
骨伝導てどうなんだろう？
イヤホンはいいの当たったことないから！店行って買った方がいいよね😘",1.3111786408859116e+18
41,2020-09-30 05:42:21,Hestisdabest,Love Speculative Fiction? #Win a $100 #Amazon #GiftCard in this #Facebook &amp; #Twitter #Giveaway via @sffbookbonanza: https://t.co/JKexqEU0hm,1.311179557404369e+18
42,2020-09-30 05:40:01,BiggDeals4U,"#Amazon Pantry Offers 

1️⃣ Flat Rs.200 Back on Rs.2000
Use Code: PANTRYMGS200

2️⃣ Flat Rs.150 Back on Rs.1500
Use Code: PANTRYMGS150

+ If you have Previously Collected any other Coupon, It will combine with this offer

Link : https://t.co/XBOaOAhzGe",1.3111789707051459e+18
43,2020-09-30 05:43:28,Cool_swordsman,"埼玉誕生150周年☆
私が選ぶ150周年を彩る  #ロゴマーク はこれだ！
@saitama150th ではプレゼントCPを実施中！～10/12
抽選で20名に  #Amazon  #ギフト券 500円分を  #プレゼント ♪
 https://t.co/WzTI8Rqzrx",1.3111798377095864e+18
44,2020-09-30 05:42:17,bmurphypointman,#amazon #amazonprime #prime #amazonspecials EARN MONEY USING WEBTALK https://t.co/eyZ6imGbFE,1.3111795378756362e+18
45,2020-09-30 05:39:16,AlphaRepricer,"Alpha Repricer is now repricing Amazon India.

https://t.co/Cu3pvzl3yB

#Amazon #AmazonRepricer #AlphaRepricer #OnlineSellers #amazonindia #amazonconnect #amazonsummit2020 #sellersofAmazon #fba #India #fbasellers #Mumbai #Bengaluru #Chennai #Kolkata #NewDelhi #Lucknow #Agra",1.3111787786563338e+18
46,2020-09-30 05:41:42,Goldenlogos1,"@madeinrosenberg @ProudSocialist @ClimateHuman @4aPeoplesParty Do you #need #product #packaging #design for your #business, #company #website,, #hospital, , #shop and #ebay #amazon , #shopify store or any other purposes. Here is the best seller on #fiverr Now you are in right place.

https://t.co/pKN4dOar9l",1.3111793936126075e+18
47,2020-09-30 05:42:15,maccha2020,"埼玉誕生150周年☆
私が選ぶ150周年を彩る  #ロゴマーク はこれだ！
@saitama150th ではプレゼントCPを実施中！～10/12
抽選で20名に  #Amazon  #ギフト券 500円分を  #プレゼント ♪
 https://t.co/loZowEdfm0",1.311179533496664e+18
48,2020-09-30 05:40:02,chicachick_2,"LA LEY DEL PUEBLO de @roberheavy
📱https://t.co/wVYNGxgsVB
📖https://t.co/XeBS98MG4U
Ambientada en Galicia en el Monasterio de Santo Estevo de Rivas do Sil y otros enclaves.
Esta novela participa en: #Premioliterarioamazon2020 
#queleer 
#Amazon 
#KindleUnlimited https://t.co/No3JBQGtJ6",1.3111789743961252e+18
49,2020-09-30 05:37:58,micklovesbooks,"Click the link for your chance to #WIN a $100 #Amazon #GiftCard!
https://t.co/6sUKlryqsl https://t.co/rCnf2NHhhB",1.3111784520374395e+18
,date,screen_name,tweet,tweet_id
0,2020-09-30 05:34:15,MzBloodlust,"Iss after midnight, but I got my first #gaming chair assembled. Iss very comfy and I am satisfied with my purchase so far. 😊 

#gamergirl #gamingchair #amazon https://t.co/nHawIzaJst",1.3111775200840663e+18
1,2020-09-30 05:33:57,BhoyeAniket,#Amazonspinandwin #Amazon https://t.co/tmPO3pdW6G,1.3111774432526582e+18
2,2020-09-30 05:35:01,mercari_jp63,ヤフーオークションやアマゾンで買うより安く買えます！今メルカリで招待コードCWFVZMを入れて登録してメルカリ開いたらメルペイ押してキャンペーンにあるすすメルペイの広告押してCWFVZM入れて口座または本人確認完了したら500円＋1000円必ず貰えます。#ヤフオク　#Amazon,1.3111777097881723e+18
3,2020-09-30 05:34:14,Demi19951,"""Amazonレビュー募集中！！
商品代金は全額補償
ご興味ある方はぜひともご参加いただきたいです！
#amazon #アマゾン #レビュー #レビュアー #無料 #サンプル #試供品 #お試し #モニター  #新商品 #アマゾンレビュー #Amazonレビュー #レビュー募集"" https://t.co/MPKesk7RFX",1.311177512681046e+18
4,2020-09-30 05:34:45,XperienceDope,"Blasting BJ The Chicago Kid - All On Me right now on Pretty Dope Xperience Radio aka #BlackPandora

listen now and catch a wave!! https://t.co/VqKFopeoex  #nowplaying #np #RT  #NowStreaming #Streema Download Now #Alexa #GooglePlay #iOSAppStore #Amazon #",1.31117764323729e+18
5,2020-09-30 05:33:45,Demi19951,"""Amazonレビュー募集中！！
商品代金は全額補償
ご興味ある方はぜひともご参加いただきたいです！
#amazon #アマゾン #レビュー #レビュアー #無料 #サンプル #試供品 #お試し #モニター  #新商品 #アマゾンレビュー #Amazonレビュー #レビュー募集"" https://t.co/IkTP4QK8vz",1.3111773917424927e+18
6,2020-09-30 05:31:36,v2kumbhar,"I played this interesting Amazon Spin And Win on Amazon-Play games at Amazon FunZone  https://t.co/ydyG4qSgSO
@amazon @amazonIN #AmazonQuiz #AmazonIndia #Amazon #FunZone #FZ #FunZoneQuizTime #FZQuizTime #QuizTime #SpinAndWin #AmazonSpinAndWin",1.3111768498090025e+18
7,2020-09-30 05:36:30,WhiteHetzer,"MTG マジック：ザ・ギャザリング ゼンディカーの夜明け バンドルセット 日本語版 https://t.co/OSp4EuaJlU #Amazon

mtgやりたい",1.31117808382353e+18
8,2020-09-30 05:34:58,Kh02Glhf,"日本現代怪異事典 https://t.co/xMxVkum64x #Amazon
インセインとクトゥルフのシナリオを書く上でこれ結構使えるんじゃないかと思った",1.3111776996254433e+18
9,2020-09-30 05:33:43,GraemeAthena,Love Speculative Fiction? #Win a Mega Book Gift Basket in this #Amazon &amp; #Goodreads #Giveaway via @sffbookbonanza: https://t.co/L7ybYP80Y4,1.3111773856230277e+18
10,2020-09-30 05:35:27,kana_ogawa,"【トレーニングウェア】ベスト10
（ビベター）Bebetter ジョガーパンツ トレーニングウェア メンズ スキニー ロングパンツ スポーツウェア フィットネス スウェットパンツ XL
https://t.co/eBFmHrWjSY #Amazon",1.3111778191043174e+18
11,2020-09-30 05:33:04,giuggiola_fra,#Amazon will now let you pay with your palm in its stores https://t.co/jUUqEtRvND via @voxdotcom,1.3111772191092777e+18
12,2020-09-30 05:35:01,alaa_express,Women Fashion Slim Long Faux Fur Vest Sleeveless V-neck Waistcoat Jacket Coat 👉https://t.co/yVpFd3l48d👈 #dubai #usa #sales #offer #amazon #ebay #alixpress #fashion #style #saudi https://t.co/4DQ6Scz1hF,1.3111777107948093e+18
13,2020-09-30 05:35:46,higuma401,"@muscle1046 
だれウマ君の「悶絶ずぼら飯」やっと届いた‼️
めちゃ嬉しい😆😆😆

#だれウマ
#悶絶ずぼら飯
#Amazon https://t.co/U1LrTiCTBZ",1.311177901052629e+18
14,2020-09-30 05:35:32,kana_ogawa,"【トレーニングウェア】ベスト10
[アシックス] トレーニングウエア OP半袖シャツ 2031A664 メンズ パフォーマンスブラック×リッチゴールド 日本 L (日本サイズL相当)
https://t.co/1GoHgptmll #Amazon",1.311177840994394e+18
15,2020-09-30 05:35:48,kana_ogawa,"【トレーニングウェア】ベスト10
スポーツウェア レディース ヨガウェア トレーニングウェア ランニングウェア 上下 5点セット フィットネス ジャージ
https://t.co/dp3Rt5vHhn #Amazon",1.3111779067736146e+18
16,2020-09-30 05:36:44,TheInStockRoom,"***New Deal***
25.3oz Old Spice Fiji Men's 2 ...
Reduced from $7.99 to $4.30
https://t.co/Ukj2SkHJfH
#Deals #newDeals #Discounts #Amazon https://t.co/3FXVdABMUW",1.311178142221054e+18
17,2020-09-30 05:35:18,dreamwithlife,"Now whenever we are looking to buy a physical product, Amazon is usually the first place that we look at.

#Amazon #AffiliateMarketing #amazon

https://t.co/pwA8wANd8w",1.3111777832723333e+18
18,2020-09-30 05:34:58,Demi19951,"""Amazonレビュー募集中！！
商品代金は全額補償
ご興味ある方はぜひともご参加いただきたいです！
#amazon #アマゾン #レビュー #レビュアー #無料 #サンプル #試供品 #お試し #モニター  #新商品 #アマゾンレビュー #Amazonレビュー #レビュー募集"" https://t.co/ArrG1Z2NXD",1.3111776996630446e+18
19,2020-09-30 05:31:45,CoolDealCA,"💲💰
Luxury Bedding Company Magic M...
Reduced from $11.90 to $7.97

# #Deals #new #Deals #Amazon  #Deal #ganga

 https://t.co/SNjsLQcMin https://t.co/Qlxr0oLvVb",1.3111768902757253e+18
20,2020-09-30 05:35:42,kana_ogawa,"【トレーニングウェア】ベスト10
[アシックス] トレーニングウエア CAグラフィック半袖シャツ 2031B227 メンズ ブリリアントホワイト 日本 L (日本サイズL相当)
https://t.co/h1MtVKmpiO #Amazon",1.311177884849959e+18
21,2020-09-30 05:36:20,bmurphypointman,#twitter #facebook #instagram #socialmedia #pinterest #linkedin #amazon #medium #reddit Check my website for my top recommended business tools and programs https://t.co/VYBItQosg8 https://t.co/cxQxlPV5kP,1.3111780411591885e+18
22,2020-09-30 05:35:59,rakten_kaden_,"09/30 14:35

ティファール 電気ケトル　ジャスティンプラスコント
【楽天】6318円
【Amazon】6950円

★楽天で購入すると★
 632円 お得（お得率10％）

↓お得な情報を一覧で確認出来るサイト
https://t.co/kMQYxgL6Rh

#楽天市場 #Amazon #お得 #せどり https://t.co/dTSVuNi1uI",1.311177955620475e+18
23,2020-09-30 05:36:41,bazaar_offer,"@PrimeVideoIN #Amazon
Redmi Note 9 - 48MP Quad Camera &amp; Full HD+ Display
from 11999 
#sale  #today  12 noon 
link 👉https://t.co/fQr24O4N8U

#RedmiNote9 https://t.co/DW5s2mgWIx",1.3111781308585452e+18
24,2020-09-03 18:26:48,LenovoLegion,"Lenovo Legion x @PlayApex
Now is your chance to rise above the rest. 
Unmatched performance, purposeful engineering, modern design.
Gear up with a machine as savage as you are.
Stylish outside.
Savage inside.",1.301587465258578e+18
25,2020-09-30 05:31:35,wwwmanymerrycom,#am͜a͉zon ストア https://t.co/3UUNIdUpqN で、上品なカラーを揃えた #ニット をお買い得なプライスで数量限定販売中です。#スイスコットン #ピマコットン #イタリア糸 を使用した #上質ニット を是非この機会に…#セーター #編み物 #手編み #ニットカフェ #かぎ針 C,1.3111768489743442e+18
26,2020-09-30 05:32:20,RedhaxRedha,#Amazon bientôt : payer en faisant un clin d’œil ! https://t.co/1jn8dFgcpr,1.3111770345892372e+18
27,2020-09-30 05:35:55,bazaar_offer,"#Amazon
Redmi Note 9 - 48MP Quad Camera &amp; Full HD+ Display
from 11999 
#sale  #today  12 noon 
link 👉https://t.co/fQr24O4N8U

#RedmiNote9 #Redmi #Amazon https://t.co/dAvijDcqYq",1.3111779362554225e+18
28,2020-09-30 05:33:19,GraemeAthena,Love Fantasy &amp; SciFi? #Win a $100 #Amazon #GiftCard in this month's mega #BookBub #Giveaway via @sffbookbonanza: https://t.co/aoUNP3pRSY,1.3111772822712197e+18
29,2020-09-30 05:35:16,kana_ogawa,"【トレーニングウェア】ベスト10
コンプレッションウェア セット メンズ トレーニングウェア 5点セット 通気防臭 スポーツウェア ランニングウェア パーカー 長袖シャツ 半袖シャツ ハーフパンツ タイツ 吸汗速乾 纯色黑 M
https://t.co/gjyzYa1LAp #Amazon",1.311177775143764e+18
30,2020-09-30 05:33:33,91_social,"Shipment Zero is Amazon's vision to make all #Amazon shipments net-zero carbon. Every #ShipmentZero delivery begins its journey at fulfilment and sort centres powered by 100% #renewableenergy.
#91social #sustainability #circulareconomy #environment #amazon #supplychain https://t.co/1vVZRGyz5W",1.3111773434114744e+18
31,2020-09-30 05:31:39,TheInStockRoom,"***New Deal***
Luxury Bedding Company Magic M...
Reduced from $11.90 to $7.97
https://t.co/Ocy4iWLL3u
#Deals #newDeals #Amazon https://t.co/WX32vA3j12",1.3111768650806395e+18
32,2020-09-30 05:33:02,GraemeAthena,Love Speculative Fiction? #Win a $100 #Amazon #GiftCard in this #Facebook &amp; #Twitter #Giveaway via @sffbookbonanza: https://t.co/5SZ5dfAPSC,1.3111772117524603e+18
33,2020-09-30 05:35:59,emikotakemoka,"本日発売🎊 
#Amazon  #FireTVStick - Alexa対応音声認識リモコン付属 （ストリーミングメディアプレーヤー） Amazon ブラック B07ZZY2DFW

#アマゾン

私も追加購入予定🔥

Prime Video、YouTube、Netflix、TVer、GYAO!、U-NEXTなどを大画面で⬇️⬇️⬇️

 https://t.co/sqtcpU7KZz",1.3111779563671101e+18
34,2020-09-30 05:35:37,kana_ogawa,"【トレーニングウェア】ベスト10
[ミズノ] トレーニングウェア 半袖Tシャツ ナビドライ Uネック 吸汗速乾 メンズ 32JA6150 14 ドレスネイビー×ホワイト L
https://t.co/Qrc32UewW7 #Amazon",1.3111778629012398e+18
35,2020-09-30 05:35:53,readtiafanning,"“Til Grave Do Us Part” is a Fun and Spooky #Halloween #Spanking Story. 
🎃😈👻💀⚰️....🕵️‍♂️👮‍♂️👰
If you’re into that, like ghost stories, want to laugh a little, are kinda a brat, like romance novels, etc, head over to #Amazon. https://t.co/6fD2SwjJWa",1.311177931037782e+18
36,2020-09-30 05:35:03,smilemanrakuten,"新商品です。

Amazon Fire TV Stick 
Alexa対応音声認識リモコン付属 

Amazonで買うよりポイント分が実質安くなりますよー！ 

#Amazon 
#AmazonFireTVStick 
https://t.co/pVe2QhJkVV",1.3111777201522934e+18
37,2020-09-30 05:34:54,cioinsiderindia,"Pay with Hand Gesture; #Amazon Launches New Contactless Payment Device

The multinational tech giant Amazon has launched a new payment system, #AmazonOne, which is a fast,convenient, contactless, and effortless way for people.

Read More: https://t.co/6uQ7dnl41u

#paymentsystems https://t.co/sPuSkNh390",1.311177682827133e+18
38,2020-09-30 05:35:00,kana_ogawa,"【トレーニングウェア】ベスト10
メンズ フィットネストレーニング 加圧シャツ トレーニングウェア メンズ コンプレッションウェア 5点セット スポーツウェア タイツ パーカー ハーフパンツ 半袖 長袖 ランニングウェア 吸汗速乾 姿勢矯正 ブル
https://t.co/p2ZV0daC5Y #Amazon",1.3111777088233923e+18
39,2020-09-30 05:36:16,bmurphypointman,#twitter #facebook #instagram #socialmedia #pinterest #linkedin #amazon #medium #reddit  Check my website for my top recommended business tools and programs https://t.co/wxtn8dIAjM,1.3111780268441395e+18
40,2020-09-30 05:35:21,kana_ogawa,"【トレーニングウェア】ベスト10
HUIMEIスポーツウェア トレーニング メンズ 半袖 長袖上下 セット袖シャツ ハーフパン吸汗速乾 通気 薄手大きいサイズ
https://t.co/jzMlXvzM5c #Amazon",1.311177797130281e+18
41,2020-09-30 05:34:24,Belzebu6663,"Grande polemica  per le poche tasse pagate da #Trump : in realtà ne ha pagate molte più di #Amazon
#Biden #Debates2020
#maratonamentana",1.311177554531885e+18
42,2020-09-30 05:33:54,mybabychoose,"Moonybaby Split 55 Video Baby Monitor 2 Cameras, Split Screen, Non-WiFi Pan Tilt Camera, Wide View L https://t.co/gsGl7qHKKW #baby #parenting #family #usa #amazon #trending #fashion #babygirl #babyboy #gifts @amazon #holiday #blackfriday #thanksgiving #cybermonday https://t.co/87fC4uxxdH",1.3111774294367642e+18
43,2020-09-30 05:35:03,MICHELL64959353,The #adventures of Bella &amp; Emily #equineblogshare #ponyhour #horselovers #equines #pony #Horse #equestrian #mustread #kindle #amazon #writerscommunity #ponyrescue #Retweetplease £2873.63 donated from the sales of my #books to help #animal rescues to date https://t.co/uCsuDHA1wl https://t.co/ii7HJmHfuM,1.3111777209157345e+18
44,2020-09-30 05:35:11,kana_ogawa,"【トレーニングウェア】ベスト10
BROKIG ジョガーパンツ メンズ トレーニングパンツ ジム パンツ フィットネス 両サイドポケット付き 通気性 ストレッチ 筋トレ トレーニングウェア スウェットパンツ (M ブラック)
https://t.co/e9afCyWvaQ #Amazon",1.3111777531320689e+18
45,2020-09-30 05:35:06,kana_ogawa,"【トレーニングウェア】ベスト10
[アンダーアーマー] テック ショートスリーブ Tシャツ(トレーニング) 1358553 メンズ 001 日本 MD (日本サイズM相当)
https://t.co/U9nd2LgqrX #Amazon",1.3111777308686705e+18
46,2020-09-30 05:32:38,Saheduzzaman12,"Check out my Gig on @Fiverr Fiverr: do Linkedin lead generation for your business https://t.co/gDBxIOxZGD 
#AmazonDeals #AIIMS #Leadgeneration #Amazon #Dembele #Seokjin @fiverr #DigitalMarketing #LinkedIn",1.311177111638438e+18
47,2020-09-30 05:35:17,jplarger,"🖖 #Amazon introduit le #paiement sans contact avec la paume de la #main
https://t.co/VKHAu3SVFO https://t.co/aQLqn8Xr1c",1.311177780164518e+18
48,2020-09-30 05:34:22,sabbir_ahmedbd,"Hello, I am Sabbir. I am providing background removing services at a reasonable price with the best quality. If anyone interested plz dm me or visit here https://t.co/9wELK1Ovou
#Debates2020 #money #backgroundremoval #photo  #walmart #Amazon #eBay #shopifystore #AmazonPrimeDay https://t.co/AzO9gfWgFW",1.311177549037187e+18
49,2020-09-30 05:36:26,motoyukisasaki,"何だよこの表紙。
とりあえず買わなきゃだろ…！
フィギュア王№272 (ワールドムック№1232) https://t.co/FENLwjpZu2 #Amazon",1.3111780667653366e+18
,date,screen_name,tweet,tweet_id
0,2020-09-30 05:25:59,rakten_kaden_,"09/30 14:25

＼当店おすすめ／電気圧力鍋 アイリスオーヤマ 4l
【楽天】16800円
【Amazon】16892円

★楽天で購入すると★
 92円 お得（お得率1％）

↓お得な情報を一覧で確認出来るサイト
https://t.co/kMQYxgL6Rh

#楽天市場 #Amazon #お得 #せどり https://t.co/ZPW0WeD6Ul",1.3111754359846216e+18
1,2020-09-30 05:28:49,XperienceDope,"Blasting Toni Braxton - Do It (Radio) right now on Pretty Dope Xperience Radio aka #BlackPandora

listen now and catch a wave!! https://t.co/VqKFopeoex  #nowplaying #np #RT  #NowStreaming #Streema Download Now #Alexa #GooglePlay #iOSAppStore #Amazon #",1.3111761507822838e+18
2,2020-09-30 05:25:24,AmazonCoin_io,"AmazonCoin ⬇
$AMA ➡ $0,0178

👉👉 https://t.co/GydSZXKIno 🌿

#amazoncoin #amazon #nature #decentralized #green #cryptocurrencies #cryptocurrency #crypto #defi #dex #cryptonews #ethereum #ether #eth #blockchain #coin #token #ico #tokensale #startup #bitcoin  #btc $BTC $ETH https://t.co/dayZcqivC6",1.3111752927995494e+18
3,2020-09-30 05:30:37,yuki_nagase,"【フットサル】ベスト10
[アシックス] フットサル トレーニングシューズ CALCETTO WD 8 TF ホワイト/ブラック 26.0 cm 3E
https://t.co/H3ow9aygts #Amazon",1.3111766048365322e+18
4,2020-09-30 05:29:25,gudn_,"モントワール ASHITAMOさくさくオクラ梅かつお 23g ×10袋 https://t.co/5Y7BflheMz #Amazon

これほんまうまい",1.311176302968234e+18
5,2020-09-30 05:31:18,Sensai25,#Amazon veut passer au paiement par empreintes palmaires dans ses supérettes. Plus besoin de smartphone ! https://t.co/FseMUGS9FS,1.311176775410516e+18
6,2020-09-30 05:30:27,yuki_nagase,"【フットサル】ベスト10
[ミズノ] フットサルシューズ レビュラ SALA ELITE IN(現行モデル) ブラック×シルバー 25 cm 2E
https://t.co/s4D8ql1r2Q #Amazon",1.3111765608844206e+18
7,2020-09-30 05:30:59,rakten_kaden_,"09/30 14:30

掃除機 コードレス 紙パック モップ付き アイリス
【楽天】16698円
【Amazon】16800円

★楽天で購入すると★
 102円 お得（お得率1％）

↓お得な情報を一覧で確認出来るサイト
https://t.co/kMQYxgL6Rh

#楽天市場 #Amazon #お得 #せどり https://t.co/Y7PYERYhTp",1.3111766960500654e+18
8,2020-09-30 05:25:17,arunchandrac5,"The @amazon have always amuzed me with their huge success over short period of time, they have managed to lay their hands on all spheres. #amazon #business #success https://t.co/IJKj1fH2fH",1.3111752622313882e+18
9,2020-09-30 05:30:06,LWNovels,#Amazon Prime Member? Borrow for #Free Wolfes  GLIMPSE OF DEATH #Retweet #SocialMedia #nowplaying #Ad #MustRead https://t.co/su6HOgC1Qe,1.311176475131994e+18
10,2020-09-30 05:30:13,Libreria_Mundo,"Entra en una historia llena de magia y acción. No importa que hagas, tu destino siempre será el mismo. ▶️https://t.co/quBJXfff3K ⬇️📚#Amazon https://t.co/mvq0mi2rxL",1.3111765020719186e+18
11,2020-09-30 05:27:02,CBlasing,"Last Chance! Would you like to win a $50 Amazon Gift Card or PayPal Deposit? Check out this easy entry Gleam giveaway for a chance to #WIN

Open Worldwide

@GooseGiveaways #wingiftcard #wincash #amazon #paypal #winmoney #sweepstakes #giveaways https://t.co/sQAQp45EqL",1.3111757001294725e+18
12,2020-09-30 05:25:31,_mis_ter_e_,"Make #Superman LEGO portraits !

#dccomics #HenryCavill #christopherreeve #batman #benaffleck #dcfandome #JusticeLeague #JusticeLeagueSnyderCut #JusticeLeagueTheSnyderCut #amazon #kindlebooks #kindleunlimited #kindle
https://t.co/wzwkCq8iGR",1.311175318863065e+18
13,2020-09-30 05:28:54,Info_forever01,シャネル（CHANEL）プードゥル ユニヴェルセル リーブル 20 （クレール） 30g［海外直送品］［並行輸入品］https://t.co/Uu5bk2UwbA　シャネル(*бωб*)♪ #amazon #beauty #beautiful #happy #life #cosme #bodycare #skincare #everyday #love #chanel #シャネル #world #pickup #checkit #checkito,1.3111761719760896e+18
14,2020-09-30 05:30:11,yuki_nagase,"【フットサル】ベスト10
(Tabio)フットボール5本指ソックス25～27cm クロ
https://t.co/11mK6QYLft #Amazon",1.3111764948827996e+18
15,2020-09-30 05:30:06,chicachick_2,"HISTORIA DE TRES MUJERES de @Esperanzabenaya
📱 https://t.co/gF2XFZurvj
Enamórate con ellas, ríe con ellas, sufre con ellas.
#queleer 
#LibrosRecomendados 
#Amazon 
#KindleUnlimited 
#lectores 
#Leer https://t.co/Ry2HDTzozZ",1.311176472497918e+18
16,2020-09-30 05:30:26,Gabriel22Josue,"Segundo informação a Weta Workshop está na produção da série do Senhor dos Anéis da Amazon. Concepção de armas como espadas e armaduras.
 #OSenhorDosAneis #TheLordOftheRings #AmazonPrime #Serie #LOTRonPrime #Amazon @TerraMediaBR",1.3111765583762924e+18
17,2020-09-30 05:28:40,readtiafanning,#HalloweenRead. It’s on #Amazon. https://t.co/HCEFlb4p9W,1.311176112865792e+18
18,2020-09-30 05:30:02,YabRock,Hybrid Theory / #LinkinPark https://t.co/J44Bq9WyyQ #HipHop #Rock #アマゾン #Amazon #AmazonJP,1.3111764587279524e+18
19,2020-09-30 05:29:53,Santosh44932113,"@flipkartsupport @_Kalyan_K @Flipkart This is really frustrating experience. Even after requesting so many times, U are least bothered. Is this the way U treat a loyal customer!?
#Flipkart #flipkartstories #Amazon #flipkartfraud #IPL2020 #COVID19India #onlineshopping #India @jagograhakjago #nationalconsumerhelpline",1.3111764209036288e+18
20,2020-09-30 05:27:13,politicstrendz,"Follow 
@OttUpdates
 for exclusive ott streaming updates

#Amazon Original anthology series #PuthamPudhuKaalai

Five promising directors 
#SudhaKongara
#SuhasiniManiratnam
#RajivMenon
#GouthamMenon
#KarthikSubbaraj

Premiere Oct 16th on 
@PrimeVideoIN",1.3111757492194468e+18
21,2020-09-30 05:27:23,RimpaAnkita,"Check it out! I will do a professional logo design for your company for $15 on #Fiverr 
https://https://t.co/SYqv2efU1w 
#Fiverr #100DaysOfCode #MadeOnFiverr #trump #JusticeForManishaValmiki #BTSonFallon_D2 #ARMYS #coronavirus #Amazon #yess",1.3111757901642424e+18
22,2020-09-30 05:30:01,yuki_nagase,"【フットサル】ベスト10
[アシックス] フットサルシューズ CALCETTO WD 8 ピーコート/フラッシュコーラル 24.5 cm 3E
https://t.co/QJdoPPWCnE #Amazon",1.3111764510061978e+18
23,2020-09-30 05:30:35,totakasomon,"松本人志のドキュメンタルって番組知ってますか♪ 
めちゃくちゃ面白くて絶賛ハマり中♪
https://t.co/66VFatac2t

#松本人志  #ドキュメント #Amazon  #プライム会員  #お笑い",1.3111765946233283e+18
24,2020-09-30 05:29:41,kakicchysmusic6,https://t.co/MaMFRamliO: Another World: kakicchysmusic: MP3 Downloads https://t.co/fvwSQuNplZ #Amazon #Prime,1.3111763671956562e+18
25,2020-09-30 05:31:00,Haidji,"Book Quote: ""How long is forever when you can stop..."" Click on  https://t.co/7kFjmtNFEY #forever #quoteoftheday #quotes #kindleunlimited #amazonbooks #amazon   #inspiration #haidji   #goodreads #books #read #reading #bookblogger #BookWorm https://t.co/CHLr3A0uiC",1.3111766992251003e+18
26,2020-09-30 05:26:50,BriellePrincess,"Last Chance! Would you like to win a $50 Amazon Gift Card or PayPal Deposit? Check out this easy entry Gleam giveaway for a chance to #WIN

Open Worldwide

@GooseGiveaways #wingiftcard #wincash #amazon #paypal #winmoney #sweepstakes #giveaways https://t.co/x6iAlckcGl",1.3111756512029286e+18
27,2020-09-30 05:30:03,amazon_rankinQ,"【AVリモコン】
ラトックシステム スマート家電リモコン スマホで家電をコントロール ※重さわずか16g / 赤外線到達距離30m / 壁...
￥6,680
https://t.co/CyJoMBi870
#amazon",1.3111764593234903e+18
28,2020-09-30 05:30:32,yuki_nagase,"【フットサル】ベスト10
sfida(スフィーダ) フットサル ボール 4号 中学 高校 大学 社会人 大人用 練習用 試合球2019/2020 Fリーグ 公式球 レプリカ JFA 検定球 インフィニート ネオ INFINITO NEO BSF-IN22 ネイビー
https://t.co/pqmfYE0Sj9 #Amazon",1.3111765827661005e+18
29,2020-09-30 05:28:30,dotndot,"You can now make #Zoom or #Microsoft Teams calls via #LinkedIn

#Apple releases iOS 14.2 beta 2, macOS Big Sur beta 9, and more to developers

#GoDaddy Customers Can Now Sell Their Products on #Facebook, #Instagram

#amazon #ai #DigitalMarketing #socialmediamarketing",1.3111760715306885e+18
30,2020-09-30 05:30:21,yuki_nagase,"【フットサル】ベスト10
sfida(スフィーダ) フットサル ボール 4号球 中学 高校 大学 社会人 大人用 練習用 試合球 JFA 検定球 Fリーグ 手縫い ドット 水玉 オレンジ インフィニート 2 INFINITO II BSF-IN12 ORANGE 4号(中学生以上) 一般 プロ
https://t.co/K7xYr9p31d #Amazon",1.3111765388349645e+18
31,2020-09-30 05:30:48,yuki_nagase,"【フットサル】ベスト10
Anleesi [Gabrielle] サッカーシューズ サッカートレーニングシューズ サッカー フットサル トレシュー シューズ 靴 中学校 高校 大人 緑 グリーン 26.0cm
https://t.co/vB83Vq0IQx #Amazon",1.311176648637653e+18
32,2020-09-30 05:27:00,Haidji,"Book Quote:""You can't stand up while you're still falling."" Click on  https://t.co/eo5QtWI4o4 #wearamask #quoteoftheday #quotes #kindleunlimited #bookquotes #read #ebook #ku  #paperback #amazon  #inspiration #haidji #goodreads #books #read #reading #BookBoost #bookish https://t.co/JStnCXtcDI",1.311175692558758e+18
33,2020-09-30 05:27:33,seika_hikaku,#ハロウィンリボン を安く買いたいなら #cotta #富澤商店 #楽天 #amazon https://t.co/o5E4Emp9Dx,1.3111758339401564e+18
34,2020-09-30 05:26:05,camille_180620,"購入しました。
今回の表紙も素敵。

超人ロック カオスブリンガー(1) (ヤングキングコミックス) https://t.co/ZL3vRThDDj #Amazon",1.311175463541158e+18
35,2020-09-30 05:27:44,evewin89,"https://t.co/GRmVCejCuW

#AMAZON #INDIA
#FLIPKART
#TASTY #PURIS
#PURI #AALOO
#PURI #SABJI
#VADAS
#WADAS
#TASTY #DAHI #VADAS
#BEST #OIL #FOR #FRYING
#CHEF - #CHRISTON
#PUSHPA #LAKRA
#EVEWIN  #CHRISTON  #LAKRA",1.311175879716868e+18
36,2020-09-30 05:30:16,yuki_nagase,"【フットサル】ベスト10
[Ncity] サッカーシューズ トレーニングシューズ ジュニア 大人 専門家サッカー 滑り止め壊れた爪サッカーシューズ男女兼用
https://t.co/mM39vmhjQ5 #Amazon",1.3111765169238426e+18
37,2020-09-30 05:28:40,DirectorRahulRK,"ANNOUNCEMENT... 5 directors... 5 stories... #GauthamMenon, #SudhaKongara, #RajivMenon, #SuhasiniManiRatnam and #KarthikSubbaraj... #Amazon to launch an anthology of five #Tamil short films... Titled #PuthamPudhuKaalai... Premieres 16 Oct 2020. https://t.co/Nhqt3sNtqi",1.3111761114060268e+18
38,2020-09-30 05:29:50,PurchaseCommerc,"Wanna build a retail powerhouse like #Amazon?
#PurchaseCommerce provides you All-in-One solution to run a high-volume #OnlineMarketplace.
Try a free demo: https://t.co/AK3ulBRAMH
#marketplacesoftware #ecommercesoftware #ecommercedesign #marketplaceplatform #ecommercesolution https://t.co/VmUFpGDBbS",1.3111764061189202e+18
39,2020-09-30 05:31:30,LoCountryLegend,"#LCL4LIFE available on
#Amazon #Spotify #YouTube #AppleMusic and more presented by #CircleOfBosses, #LowcountryLegendz #GeechieCommission and the #CarolinaMusicMovement -
◀ https://t.co/ers2wrm3Z9 ▶",1.3111768279945994e+18
40,2020-09-30 05:30:00,Haidji,"“…put them under KNIVES and DIETS, without to realize the BEAUTY of their own beings.” Click on https://t.co/Jv4IfW8cgV   #quoteoftheday #quotes #kindleunlimited #bookquotes #read #ebook #ku #paperback #amazon  #inspiration #haidji #goodreads #books #read #reading #bookblogger https://t.co/wy9rrC8apu",1.311176447382356e+18
41,2020-09-30 05:26:49,tech_samvad,"जानें कौन-कौन से ऑफ़र मिलेगें इस बार Amazon Great Indian Festival Sale में?

#Amazon #GreatIndianFestivalSale #AmazonGreatIndianSale #GreatIndianSale #Amazon #Sale #DiwaliSale         
https://t.co/bV1qJu8vxU",1.3111756487029924e+18
42,2020-09-30 05:28:45,creativemm12,"👉https://t.co/n6Y3VXTHPf #amazon👈
💯👉Auto Follower👈💯
💯👉#自動相互フォロー👈💯

#FollowBack
#Astros
#Titans
#White #Sox
#相互RT
#FollowBack
#固定RT
#固定ツイートRT
#followtrick
#拡散希望RTお願いします
#bts
#seventeen",1.3111761356197437e+18
43,2020-09-30 05:30:42,yuki_nagase,"【フットサル】ベスト10
gramo(グラモ) プラクティスシャツ FAST2 P-026-03-L ネイビー L
https://t.co/vVeaa0gfVw #Amazon",1.3111766267391468e+18
44,2020-09-30 05:30:06,yuki_nagase,"【フットサル】ベスト10
[ミズノ] フットサルシューズ モナルシーダ NEO SALA SELECT IN イエロー×グリーン 26 cm 3E
https://t.co/RZQDSfLOCC #Amazon",1.311176472791376e+18
45,2020-09-30 05:30:48,humanwatches,Mens Everytime Swiss Automatic Stainless Steel Casual Watch (Model: T1094071603100) https://t.co/1DaV4kM8D7 #watches #clock #jewelry #trends #fashion #amazon #gifts #giftideas @amazon #holiday #blackfriday #thanksgiving #cybermonday https://t.co/SwpbXTS8Qs,1.311176649111675e+18
46,2020-09-30 05:30:20,Libreria_Mundo,LUCÍA Y EL REPOSO DE LAS PALABRAS. Dos historias. Dos épocas. Un amor indestructible. Una revelación que lo cambiará todo. Descúbrela en #amazon Tú marcas la diferencia. #pepafraile #suspenseromantico #queleer #librosqueenamoran ➡️https://t.co/OGphO43TiA https://t.co/tUfFy0dQmS,1.3111765321745367e+18
47,2020-09-30 05:26:14,creativemm12,"👉https://t.co/QVxAByNmhF #amazon👈
💯👉Auto Follower👈💯
💯👉#自動相互フォロー👈💯

#相互RT
#Bad #Bunny #Crocs
#Eric #Trump
#Hillary #Clinton
#f4f
#相互RT
#followergenerator
#フォロバ100パーセント
#相互リツイート
#相互フォロー100
#500ADay
#FollowBack",1.3111755008327516e+18
48,2020-09-30 05:30:04,fukususume29,"WAKYME LEDランタン 大容量
https://t.co/pUvtIIiu5p

2380円→1190円

クーポンコード
DENDOFVM

#クーポン
#レビュー不要
#Amazon",1.3111764668272763e+18
49,2020-09-30 05:30:17,FlashTweet,"1️⃣🌐[#ALaUne] #Amazon va vous permettre de payer avec la paume de votre main https://t.co/PitqFLOZB1 v/ @CNBC

💬Le géant du #ecommerce adapte le paiement #1Click au #retail et aide à limiter les contacts physiques

#Tech #Innovation #COVID19 
#FlashTweet⚡️ https://t.co/BsRz57I5Pm",1.3111765191134659e+18
,date,screen_name,tweet,tweet_id
0,2020-09-30 05:25:00,shadowconn,Novel Writing Blueprint Workbook: A writer'... by Jill Harris for $4.99 https://t.co/2gz8Ac13sI via #amazon,1.3111751889235108e+18
1,2020-09-30 05:23:36,Gupendar2502,I played this interesting Quiz on Amazon https://t.co/Xv8sk1cCNs #Amazon,1.3111748383046943e+18
2,2020-09-30 05:17:55,GPWriter,"STEPS TO NOWHERE explores a teenager’s growing awkwardness with his mother following his father’s death. 
#CARDODGING AND OTHER #STORIES 
#Smashwords: https://t.co/ETxjY0wJeC     
#Amazon: https://t.co/PmeUbFGkTg      
#books #TV #netflix #reading #hulu",1.311173406482555e+18
3,2020-09-30 05:19:29,GPWriter,"In SIDE OF THE ROAD, a man parked on the side of a freeway laments his failing marriage. 
#CARDODGING AND OTHER STORIES 
#Smashwords: https://t.co/ETxjY0wJeC     
#Amazon: https://t.co/PmeUbFGkTg        
#fiction #books #netflix #TV #hollywood",1.3111738014016184e+18
4,2020-09-30 05:25:00,Tarrako1162,"🔥CHOLLO! #Amazon | #Ropa

📢HKT by #Hackett Hkt Contrast Clr Polo para Hombre
TALLA M

Más tallas con grandes descuentos TOP

   ❌ Antes: 59,00€
   🔥 PRECIO OFERTA: 23,14€🔥 -61%
   🔰 Enlace: https://t.co/f3UXaFw99e https://t.co/YwWmZpWMtz",1.31117518925047e+18
5,2020-09-30 05:19:59,creativemm12,"&lt;Current Weather&gt;
Chicago
Temperature: 54.41°F/ Status: clouds
👉https://t.co/RW8lAcppHg #amazon👈
💯👉Auto Follower👈💯
💯👉#自動相互フォロー👈💯

#FollowNGain
#Astros
#Titans
#National #Coffee #Day
#TeamFollowBack
#followtrick
#相互RT
#followermachine
#TFB
#T",1.311173929365508e+18
6,2020-09-30 05:24:32,v2kumbhar,"I played this interesting #Daily8AM12PM Quiz on Amazon-Play games at Amazon FunZone  https://t.co/ydyG4qSgSO
@amazon @amazonIN #AmazonQuiz #Amazon #AmazonIndia #FunZone #FZ #FunZoneQuizTime #FZQuizTime #QuizTime #DailyQuizTimeMorningWithAmazon #QuizTimeMorningWithAmazon",1.3111750742258606e+18
7,2020-09-30 05:18:52,ZTt615n,"@HarukiKai0628 本当の友達が居るのは幸せ🤗😆
私には友達と呼べる人はいない😢なかなか寂しい人生かも🤔幸せのお裾分けを🤗
Amazonほしい物リストを一緒に編集しましょう https://t.co/4ypdWNHldU #Amazon",1.3111736461869957e+18
8,2020-09-30 05:18:19,Ramzana60115643,@amazon #ramzanansari #amazon morning quiz time https://t.co/99QC7ilTXH,1.3111735084545147e+18
9,2020-09-30 05:18:00,Haidji,"Book Quote: ""Eccentric is a nice word to..."" Click on  https://t.co/Stxx1nt5wg #eccentric https://t.co/uvDWeiZBrK #eccentric #quoteoftheday #quotes #kindleunlimited #amazonbooks #amazon   #inspiration #haidji   #goodreads #books #read #reading #bookblogger #booklog https://t.co/hcDHoC4E09",1.3111734277939814e+18
10,2020-09-30 05:19:53,agence90_fr,"⭐ Amazon a officiellement annoncé que le Prime Day 2020 aura lieu du mardi 13 octobre au mercredi 14 octobre de cette année. En tant que vendeur #Amazon, voici ce que vous devez savoir pour vous préparer pour cet évènement shopping majeur de l’année.

https://t.co/rCVxuGU42b",1.3111739019894088e+18
11,2020-09-30 05:23:21,CoolDealCA,"💵💰       
         
#iPhone X Fully Unlocked for $448!!       
*includes warranty from #Amazon         
    
 #Deal #ganga

 https://t.co/5Op0XhJ0yr https://t.co/RoX6iTrDCl",1.3111747751596196e+18
12,2020-09-30 05:22:14,DevanshDigital,"#Nokia 5.3 Android One Smartphone with Quad Camera, 4 GB RAM and 64 GB Storage - #Charcoal

https://t.co/JJngtuQdlc via @amazonIN 

M.R.P.:₹ 16,599.00
Price:₹ 13,999.00 | FREE Delivery
You Save:₹ 2,600.00 (16%)
#Amazon #Android #Smartphone #QuadCamera #Mobile",1.311174495235797e+18
13,2020-09-30 05:18:06,XperienceDope,"Blasting Mahalia ft. Ella Mai - What You Did right now on Pretty Dope Xperience Radio aka #BlackPandora

listen now and catch a wave!! https://t.co/VqKFopeoex  #nowplaying #np #RT  #NowStreaming #Streema Download Now #Alexa #GooglePlay #iOSAppStore #Amazon #",1.3111734548975206e+18
14,2020-09-30 05:23:06,takzi4,"@HarukiKai0628 @syoukinroom2 りょうさんがピコンしてるからいつか自分に回ってくるのではないかと思ってしまう
毎日毎日が楽しみで最高ですね。

いつかピコンが来るのではないかと待ってます。
お願いします。
#ピコン　#りょう　#春木開　#Amazon",1.3111747122574705e+18
15,2020-09-30 05:21:01,beterugift,"🚀各種ギフト券が業界最安値🚀

Amazon🤩74.0～🤩超激安🎉
iTunes🌟82％～🌟業界最安🎉
GooglePlay💫84.5％～💫業界最安🎉
JCBプレモ🔥94.0％～🔥
楽天☀️91.0％～☀️

ANA・JAL株主優待券 1890円～業界最安🎉

🔽ベテルギフト
https://t.co/CStJb6oriA

#Amazonギフト券 #アマギフ #iTunes #Amazon",1.3111741887705498e+18
16,2020-09-30 05:19:01,BEST300BOT,ベートーヴェン／交響曲第１番　【第１２位】⇒https://t.co/A1T4M8iMOt #amazon #bot 【第７位】ワルター指揮コロンビアso〈59〉⇒https://t.co/GxqLDNGKcR,1.311173684288041e+18
17,2020-09-30 05:21:20,ajay870612,Thanks #Amazon for this help.#AmazonQuiz https://t.co/j77jkPUzDS,1.311174265924776e+18
18,2020-09-30 05:21:44,GPWriter,"A childhood game turns deadly in the title 
story of my short #story collection 
#CARDODGING  AND OTHER STORIES 
#Smashwords: https://t.co/ETxjY0wJeC   
#Amazon: https://t.co/PmeUbFGkTg        
#fiction #book #buzz #netflix #TV #readers",1.3111743692682158e+18
19,2020-09-30 05:19:09,Ott_updates,"Follow @OttUpdates for exclusive ott streaming updates

#Amazon Original anthology series #PuthamPudhuKaalai

Five promising directors 
#SudhaKongara
#SuhasiniManiratnam
#RajivMenon
#GouthamMenon
#KarthikSubbaraj

Premiere Oct 16th on @PrimeVideoIN https://t.co/8d5268EvuD",1.3111737163954831e+18
20,2020-09-30 05:21:52,XperienceDope,"Blasting Summer Walker, PARTYNEXTDOOR - Just Might (Club) right now on Pretty Dope Xperience Radio aka #BlackPandora

listen now and catch a wave!! https://t.co/VqKFopeoex  #nowplaying #np #RT  #NowStreaming #Streema Download Now #Alexa #GooglePlay #iOSAppStore #Amazon #",1.311174402646704e+18
21,2020-09-30 05:18:09,kuro_mob,"#Amazon

よく見る『中古 – ほぼ新品』という高額転売。
調べてみたらこれは、公式にあるコンディションガイドラインを逆手に取ったものです。
私たちは自作品をよくツイートします。
ですが、このような中古品を買って欲しくてツイートしているわけではありません。
皆さんもお気を付けくださいね。",1.3111734676187013e+18
22,2020-09-30 05:18:27,Gotaro5go,"🆒#Amazon #タイムセール  (09/30)1⃣

🛍️WANDF エコバッグ 折りたたみ 買い物袋 買い物バッグ 防水素材 大容量
💹￥569🈹
➡️https://t.co/mi0svossIQ

#アマゾン https://t.co/BmyG7kMphm",1.3111735433007473e+18
23,2020-09-30 05:24:48,andy1994,"An industry in bribing employees for commercial gain has emerged. Last week, 'consultants' were charged with bribing #Amazon Marketplace insiders to game the platform, for the benefit of their clients.
https://t.co/C6DCygrmJN",1.311175141099856e+18
24,2020-09-30 05:22:59,Filmy_Radar,"👉😃💙 The #bhaukaal feel is in the air of #Mirzapur

#Mirzapur2 New Season 23 October

#amazonprime #kaleenbhaiya #webseries #famous #OTT #amazon #celebrity https://t.co/35f1kXcQ3v",1.3111746845582828e+18
25,2020-09-30 05:24:53,dotndot,"Social Media: Latest News &amp; Updates!!

#linkedin #microsoft #zoom #apple #amazon #godaddy #facebook #artificialintelligence #datascience #machinelearning #google #socialmedia #androidappdevelopment #app #digital #digitalmarketing #deeplearning #datascientist https://t.co/o9Uzm9eavh",1.3111751601000817e+18
26,2020-09-30 05:20:35,GPWriter,"Read #fantasy tales THE HELLHOLE, PART 1, THE FIRST FIGHT, ANDOLEN’S ARENA SHOWDOWN, THE ADVENTURES OF THE MAGIC SWORD, JONAH’S VICTORY and A SWORD’S EDGE 
#CARDODGING AND OTHER STORIES 
#Smashwords: https://t.co/ETxjY0wJeC     
#Amazon: https://t.co/PmeUbFGkTg         
#books",1.3111740774663823e+18
27,2020-09-30 05:19:51,QuickShopDeals,"***Great Deal***Low Price***
Funko Pop! Games: Fortnite - Love Ranger Collectible Figure, Multicolor
Price $5.98
https://t.co/W1IiDcLqGe
#amazon #amazondeals #deals #sale #save #savings #shop https://t.co/JW3aqPzUTK",1.31117389382724e+18
28,2020-09-30 05:20:00,Opoyis,"The new technology will be made available to rival retailers and will serve as a replacement for badge entry at stadiums and workplaces.

Read more: https://t.co/nZY9R1khsx

#Amazon #Biometrics #Opoyi",1.311173930837713e+18
29,2020-12-04 16:50:25,ProcterGamble,"Everyone has the power to do SOMETHING. Tune in at 7 p.m. Dec. 10 to #TriState Strong: Getting to Zero to be inspired by how your neighbors &amp; familiar faces from health care, media and business have pulled together #TriStateStrong #GettingToZero",1.3349028910736097e+18
30,2020-09-30 05:20:02,chicachick_2,"EL REENCUENTRO: TUS SENTIMIENTOS Y MIS EMOCIONES de @Esperanzabenaya 
📱https://t.co/0eYXStRlMc
Tierno y duro, sin artificios pero tan complicado como la vida misma, este libro te invita a recorrer parte de la vida de ambos.
#queleer 
#Amazon 
#KindleUnlimited https://t.co/sUklfXADED",1.311173941919191e+18
31,2020-09-30 05:18:36,GPWriter,"In A DEADLY SPACE, a #Space #Shuttle pilot is held hostage by two Russian killer satellites. 
#CARDODGING  AND OTHER STORIES 
#Smashwords: https://t.co/ETxjY0wJeC     
#Amazon: https://t.co/PmeUbFGkTg        
#authors #books #buzz #netflix #TV",1.3111735809068524e+18
32,2020-09-30 05:18:41,Designcreateall,芸術のための芸術は邪道である。建築のための建築は犯罪である。（フンデルトヴァッサー） #amazon #design #brand,1.3111735990724157e+18
33,2020-09-30 05:20:15,Franchise13th,"⭐ Amazon a officiellement annoncé que le Prime Day 2020 aura lieu du mardi 13 octobre au mercredi 14 octobre de cette année. En tant que vendeur #Amazon, voici ce que vous devez savoir pour vous préparer pour cet évènement shopping majeur de l’année.

https://t.co/XpdPW2plXT",1.3111739953420288e+18
34,2020-09-30 05:17:57,GPWriter,"ANOTHER CHANCE is about a racer’s comeback journey culminating with a race on the planet #Mars 
#CARDODGING  AND OTHER STORIES 
#Smashwords: https://t.co/ETxjY0wJeC     
#Amazon: https://t.co/PmeUbFGkTg       
#fiction #book #netflix #TV #hulu",1.3111734145776804e+18
35,2020-09-30 05:22:23,GPWriter,"#Read about JACK, a #robot boxing trainer, and the fighter he helps turn into a heavyweight champion in #CARDODGING AND OTHER STORIES 
#Smashwords: https://t.co/ETxjY0wJeC     
#Amazon: https://t.co/PmeUbFGkTg      
#book #netflix #hulu #TV",1.311174531218731e+18
36,2020-09-30 05:19:19,GPWriter,"In THE JOB, a policeman struggles with doubts in #story set in the distant #future. 
#CARDODGING  AND OTHER STORIES 
#Smashwords: https://t.co/ETxjY0wJeC     
#Amazon: https://t.co/PmeUbFGkTg      
#authors #books #buzz #netflix #TV #hulu #TV",1.3111737596555756e+18
37,2020-09-30 05:24:30,navgujaratsamay,"Get your daily dose of Gujarati (ગુજરાતી) breaking news (સમાચાર ), latest political and entertainment updates from Gujarat and India on Navgujarat Samay (નવગુજરાત સમય ). Visit: https://t.co/YPkVRuYGml

#navgujaratsamay #breakingnews #amazon #ahmedabad #bavla #dispatch #items https://t.co/hKzaiF8vAS",1.311175066558886e+18
38,2020-09-30 05:25:14,XperienceDope,"Blasting DJ Khaled, Drake - Greece  right now on Pretty Dope Xperience Radio aka #BlackPandora

listen now and catch a wave!! https://t.co/VqKFopeoex  #nowplaying #np #RT  #NowStreaming #Streema Download Now #Alexa #GooglePlay #iOSAppStore #Amazon #",1.3111752492963471e+18
39,2020-09-30 05:18:00,Haidji,"Book Quote: ""It is not that each one of us has the..."" Click on  https://t.co/PwWYpPEQmz #quoteoftheday #quotes #kindleunlimited #bookquotes #read #ebook #ku  #paperback #amazon  #inspiration #haidji #goodreads #books #read #reading #BookBoost #BookBoost https://t.co/qBIApSwEAH",1.3111734277392794e+18
40,2020-09-30 05:23:18,darkcomlee1,"""Amazonレビュー募集中！！
商品代金は全額補償
ご興味ある方はぜひともご参加いただきたいです！
#amazon #アマゾン #レビュー #レビュアー #無料 #サンプル #試供品 #お試し #モニター  #新商品 #アマゾンレビュー #Amazonレビュー #レビュー募集"" https://t.co/AxEIVoH5It",1.3111747636754145e+18
41,2020-09-30 05:21:11,millahavanka,"""In more than 30 years, the regrowth of secondary forests in the Brazilian #Amazon has offset less than 10 per cent of emissions from the loss of old-growth forests."" 🌴https://t.co/QYD9VPSdtj",1.3111742306005443e+18
42,2020-09-30 05:21:54,GPWriter,"My first short #story I created at 17, TROUBLES, about a robot’s awakening in the future, is featured in #CARDODGING  AND OTHER #STORIES 
#Smashwords: https://t.co/ETxjY0wJeC     
#Amazon: https://t.co/PmeUbFGkTg     
#book #buzz #netflix #TV",1.311174411655889e+18
43,2020-09-30 05:20:45,HathiEdibleOils,"Make the right choice for your cattle feed. Buy #HathiMustardCake rich in protein source.

Buy on amazon - https://t.co/EzB3qmhmeW

#amazon #hathimustardcake #protein #cattlefeed #heathlycattle https://t.co/2mN6j1BRCc",1.311174121372496e+18
44,2020-09-30 05:17:47,Gupendar2502,I played this interesting Quiz on Amazon https://t.co/OJLWdI9Ee5 #Amazon,1.311173373372711e+18
45,2020-09-30 05:23:51,SanyoIN,"Did you grab the remote? Tell us the right path in the comment section.

Buy now: https://t.co/LHj9jBBHEu

#Sanyo #androidtv #smarttv #ledtv #amazon #smartremote #engagement https://t.co/V6bDKodxOC",1.3111749011984753e+18
46,2020-09-30 05:19:37,dycRqluEf8vthXk,"買ってみようかな。

最も賢い億万長者〈上〉 数学者シモンズはいかにしてマーケットを解読したか https://t.co/5xaU9Yl2wp #Amazon",1.3111738349181297e+18
47,2020-09-30 05:24:34,lilmissboojieee,"Wecolor 100 Pcs Disposable 3 Ply Earloop Face Masks, Suitable for ... https://t.co/ahi6ufZy3t #Amazon",1.311175082526507e+18
48,2020-09-30 05:18:03,LisaTorberg,"Die Presse bezeichnet Samantha als sinnliche Chocolatière, aber ihr Liebesleben gleicht der Wüste … bis der Zufall Patrick in Sam's Laden katapultiert und ihrer beider Leben auf den Kopf stellt. https://t.co/SjeU3Ki8Qg #Amazon #ebook #kindleunlimited #print #debk https://t.co/NwawXZ1n5S",1.3111734405319885e+18
49,2020-09-30 05:20:58,rakten_kaden_,"09/30 14:20

アイリスオーヤマ　IRIS　単機能電子レンジ　「東
【楽天】5480円
【Amazon】6020円

★楽天で購入すると★
 540円 お得（お得率10％）

↓お得な情報を一覧で確認出来るサイト
https://t.co/kMQYxgL6Rh

#楽天市場 #Amazon #お得 #せどり https://t.co/qeGFcV9nlw",1.3111741757808148e+18
,date,screen_name,tweet,tweet_id
0,2020-09-30 05:09:31,ShopSuperSmart,"#LGFrigdeJeeto  Check out LG 190 L 4 Star Inverter Direct-Cool Single Door Refrigerator (GL-B201ASPY, Scarlet Plumeria) by LG https://t.co/bqgXrt4gzl via @amazon  @amazonIN #Amazon #AmazonDeals #Bestdeals #amazonindia",1.3111712942981652e+18
1,2020-09-30 05:13:42,ShopSuperSmart,Amazon: lg products https://t.co/yVwNVhLqCm via @amazon  @amazonIN #Amazon #AmazonDeals #Bestdeals #amazonindia,1.3111723452481495e+18
2,2020-09-30 05:13:22,creativemm12,"#エレコム の エレコム エアダスター ECO 逆さ使用OK ノンフロンタイプ 3本セット AD-ECOMT
https://t.co/6Il9fE5Y0e
#FollowBack
#sale
#amazon
#Titans
#Life #BBC #drama
#128 #WATERLOO",1.3111722616263107e+18
3,2020-09-30 05:15:00,ParanormalAdds,"""Such an amazing and #magical series! Highly recommend!"" #Amazon Reviewer ★★★★★ 
Start #reading the #dragon #adventure, MOORIGAD today! @Amazon:  https://t.co/FMtG7wvydk  

#reading #paranormal #whattoread #kindle https://t.co/Ehm8DXCCWx",1.311172675272835e+18
4,2020-09-30 05:17:02,ShopSuperSmart,"Check out Mufubu Presents Car Racer School College Bag for Boys &amp; Girls, Office Backpack for Mens, Student Casual Backpack (Black &amp; Sky Blue) by MUFUBU https://t.co/JW9GNLKBXm via @amazon  @amazonIN #Amazon #AmazonDeals #Bestdeals #amazonindia",1.3111731854259282e+18
5,2020-09-30 05:11:05,editorrajesh,"5 directors... 5 stories... #GauthamMenon, #SudhaKongara, #RajivMenon, #SuhasiniManiRatman and #KarthikSubbaraj... #Amazon to launch an anthology of five #Tamil short films... Titled #PuthamPudhuKaalai... Premieres 16 Oct 2020. https://t.co/iFqFyxVBPc",1.3111716889108398e+18
6,2020-09-30 05:16:32,TheInStockRoom,"***New Deal***
eufy Security Smart Lock Touch...
New price $160
https://t.co/aUIeQqdqoJ
#Deals #newDeals #Discounts #Amazon https://t.co/37hFQvSvU1",1.3111730590307738e+18
7,2020-09-30 05:07:05,AmznprimeR,"★　★　★　★　★　★
Amazon Prime Video
アマゾンおすすめ映画５選
【映画クレヨンしんちゃん 新婚旅行ハリケーン ～失われたひろし～】
#primevideo
#amazon
#映画クレヨンしんちゃん 新婚旅行ハリケーン ～失われたひろし～
 https://t.co/i9jLgNk9hL",1.3111706831421235e+18
8,2020-09-30 05:07:07,AmznprimeR,"★　★　★　★　★　★
Amazon Prime Video
アマゾンおすすめ映画５選
【劇場】
#primevideo
#amazon
#劇場
 https://t.co/MBrYvQ5cYE",1.311170690490409e+18
9,2020-09-30 05:09:50,XperienceDope,"Blasting DeBarge - I Like It right now on Pretty Dope Xperience Radio aka #BlackPandora

listen now and catch a wave!! https://t.co/VqKFopeoex  #nowplaying #np #RT  #NowStreaming #Streema Download Now #Alexa #GooglePlay #iOSAppStore #Amazon #",1.3111713727149916e+18
10,2020-09-30 05:16:38,CoolDealCA,"💲💰
eufy Security Smart Lock Touch...
#New  price $160

# #Deals #new #Deals #Discounts #Amazon  #Deal #ganga

 https://t.co/ueQCPURrsa https://t.co/bG09uwSdUW",1.3111730833031537e+18
11,2020-09-30 05:07:11,AmznprimeR,"★　★　★　★　★　★
Amazon Prime Video
アマゾンおすすめ映画５選
【スパイダーマン：ホームカミング (吹替版)】
#primevideo
#amazon
#スパイダーマン：ホームカミング (吹替版)
 https://t.co/f4LTIqsIkt",1.3111707077248287e+18
12,2020-09-30 05:05:51,XperienceDope,"Blasting Chance The Rapper, Smino - Eternal (Club) right now on Pretty Dope Xperience Radio aka #BlackPandora

listen now and catch a wave!! https://t.co/VqKFopeoex  #nowplaying #np #RT  #NowStreaming #Streema Download Now #Alexa #GooglePlay #iOSAppStore #Amazon #",1.3111703705196667e+18
13,2020-09-30 05:07:16,KrishnaSinha98,"Last Chance! Would you like to win a $50 Amazon Gift Card or PayPal Deposit? Check out this easy entry Gleam giveaway for a chance to #WIN

Open Worldwide

@GooseGiveaways #wingiftcard #wincash #amazon #paypal #winmoney #sweepstakes #giveaways https://t.co/fkbfSDHsob",1.3111707268339712e+18
14,2020-09-30 05:10:57,rakten_kaden_,"09/30 14:10

ルルド リフトケア AX-HXL1810 ヘッド 
【楽天】9800円
【Amazon】11800円

★楽天で購入すると★
 2000円 お得（お得率20％）

↓お得な情報を一覧で確認出来るサイト
https://t.co/kMQYxgL6Rh

#楽天市場 #Amazon #お得 #せどり https://t.co/ZcPCGgd9t6",1.3111716541149266e+18
15,2020-09-30 05:07:10,AmznprimeR,"★　★　★　★　★　★
Amazon Prime Video
アマゾンおすすめ映画５選
【アナと雪の女王２ (吹替版) 【レンタルできるのはデジタルだけ！】】
#primevideo
#amazon
#アナと雪の女王２ (吹替版) 【レンタルできるのはデジタルだけ！】
 https://t.co/h0OKrJeVGb",1.311170701836116e+18
16,2020-09-30 05:17:31,ModetrendA,Ramy Brook https://t.co/0cdNjCfril #fashiondesigner #onlineshopping #handmade #womenswear #womeninbiz #businesswear #smallbiz #dresscode #fashionblogger #moda #trending #fashion #amazon @amazon #holiday #blackfriday #thanksgiving #cybermonday https://t.co/Sw8TKd1dwE,1.3111733066414612e+18
17,2020-09-30 05:15:06,Gupendar2502,I played this interesting Quiz on Amazon https://t.co/v9wDk2FJHT #Amazon,1.3111726969111675e+18
18,2020-09-30 05:16:27,EY1961,日本国債先物入門 [改訂版] (現代の錬金術師シリーズ) https://t.co/5fXS3Tsdw9 #Amazon,1.3111730393802957e+18
19,2020-09-30 05:16:01,viciocort,#ecommerce #Shopify l'anti #amazon via @Corriere https://t.co/zecq9QnxL9,1.3111729311674327e+18
20,2020-09-30 05:14:28,turnisland,"What kind of weirdo sits on their billions like scrooge mcfuckface while 100s of thousands of their fellow citizens are homeless and hungry. #amazon, #facebook, #insertanyoneofthem",1.311172540082004e+18
21,2020-09-30 05:12:10,QuickShopDeals,"***Great Deal***Low Price***
Funko Pop! Games: Fortnite - Burnout, Multicolor
Reg$10.99  to $6.17*Free ship*
https://t.co/cTQavCg46Q
#amazon #amazondeals #deals #sale #save #savings #shop https://t.co/LqJnZ87xdb",1.3111719603496264e+18
22,2020-09-30 05:08:32,sougo_review,"レビューは広告だという見方もある

#Amazon #レビュー #アマゾン #副業 #アマゾンレビュー #amazonレビュー #レビュー募集 #レビューアー #レビュー募集",1.3111710472956027e+18
23,2020-09-30 05:05:59,TimesofIndiaMSP,"Redmi Note 9 on sale today&gt;https://t.co/y3nCoi06qz
#RedmiNote9Pro #Redmi9 #RedmiNote9 #Sales #Amazon #AmazonDeals #TOI #MSP #OnlineMarketing #marketing #DigitalMarketing",1.3111704057726157e+18
24,2020-09-30 05:13:49,charlie0816,"めっちゃ美味しかった・・
個人的に大当たり！

伊藤食品美味しい鯖水煮6号缶190g×24個入 https://t.co/yakJr2KjKy #Amazon",1.3111723780349747e+18
25,2020-09-30 05:15:46,HMG_charlie,"【ericknoza】ハンドメイド 水引きアクセサリー 月の輪【ハンドメイドガーデンズ】

#AMAZON 通販はじめました！



https://t.co/6JO2MEvmrS



#ハンドメイド通販 #ハンドメイド好きさんと繋がりたい #ericknoza",1.3111728682736148e+18
26,2020-09-30 05:05:46,EscribeCatalina,"#QueLeer #YoLeo #Autopublicación en #Amazon 
RT🔹Ázdeli Lidot... y el jinete del unicornio 🔷
🔘https://t.co/UmZgEtuaWU    

Podéis #leer mis #libros en #KDP #KindleUnlimited #LecturasDeOtono #CadaFamiliaUnaEscuela #Novelajuvenil #LibrosJuveniles #KatyNúñez #SerMejorQueAyer #Hoy https://t.co/dIaZmEjVzs",1.3111703507477176e+18
27,2020-09-03 18:26:48,LenovoLegion,"Lenovo Legion x @PlayApex
Now is your chance to rise above the rest. 
Unmatched performance, purposeful engineering, modern design.
Gear up with a machine as savage as you are.
Stylish outside.
Savage inside.",1.301587465258578e+18
28,2020-09-30 05:10:13,masterlovehurts,Her neighbor can command any sexual act #erotica #amazon #kindle https://t.co/4xlhoXfEQ6,1.3111714701822853e+18
29,2020-09-30 05:15:02,SatiriCaZz,"Grillo fa parlare di se (come dice qualcuno) mettendo su una truffa e facendosi radiare per sempre da #Amazon (geniale😂😂😂😂😂) vendendo pietre magiche che non ha comprato nessuno a 1.000 € l'una.
A #VanessaIncontrada è bastato mostrarsi.",1.3111726830701486e+18
30,2020-09-30 05:05:48,kana_ogawa,"【ゴルフクラブ】ベスト10
ENDLESS GOLF ゴルフ クラブケース (ブラック×ベージュ)
https://t.co/FR1qhxJpwV #Amazon",1.3111703572445635e+18
31,2020-09-30 05:13:13,DealVibes,"Nintendo Switch Animal Crossing Console still in stock at Best Buy!

https://t.co/8oVbfZafxX

Follow @DealVibes for your #ps5 - #xboxseriesx - #nintendo stock alerts!

#gooddeal #outofstock #tips #stockalert #blackfriday #restock #ebay #amazon #sony #playstation #holiday #deals",1.311172225374937e+18
32,2020-09-30 05:15:38,GPWriter,"THE ELDERS imagines a space traveler who sleeps for 210 years &amp; finds himself on a new world many lightyears from Earth. 
#CARDODGING AND OTHER STORIES 
#Smashwords: https://t.co/ETxjY0wJeC     
#Amazon: https://t.co/PmeUbFGkTg        
#fiction",1.311172833628754e+18
33,2020-09-30 05:07:09,AmznprimeR,"★　★　★　★　★　★
Amazon Prime Video
アマゾンおすすめ映画５選
【コンフィデンスマンJP　ロマンス編】
#primevideo
#amazon
#コンフィデンスマンJP　ロマンス編
 https://t.co/x0ZMiPAywa",1.3111706969413714e+18
34,2020-09-30 05:07:25,kimura_books,第4回メフィスト賞受賞者。「イニシエーションラブ」の作家、佳作ですが、確実に良作です。 乾○○○ https://t.co/6TQ8iRz7eM #books #amazon,1.3111707654299566e+18
35,2020-09-30 05:12:41,bmetrock,"Two Important Voice/AI Articles

Checking In On Samsung And Apple

#VoiceFirst #AI #ML #Samsung #Bixby #BixbyDevs #SamsungBixby #BixbyDevelopers #Apple #Siri #HomePod #Amazon #Alexa #Google #GoogleAssistant #AlexaDevs #AoGDevs #ActionsOnGoogle

https://t.co/fztvLCkPFO",1.3111720913165844e+18
36,2020-09-30 05:14:16,best_deals_US,"Limited stocks!
Bloem Ariana Self Watering Planter, 6"", Calypso (AP0627), 6-Inch

Offer price: $2.96 (26% OFF!)
Retail: $3.99

https://t.co/LcsSu6KzKz

#Amazon #deals #RT https://t.co/9qe2sFQIHL",1.311172487556653e+18
37,2020-09-30 05:14:27,tecchanstyle,"登録料金の未納が発生しております。本日ご連絡なき場合、法的手続きに移行します。アマゾンカスタマーセンター　03-6759-9337

まだこんなんあるんや⁉️
これだけで騙すん厳しない❔
#詐欺メール
#未納
#アマゾン
#Amazon
#法的手続き",1.3111725335514276e+18
38,2020-09-30 05:05:56,rakten_kaden_,"09/30 14:05

(アウトレット)パナソニック コードレススティック
【楽天】29480円
【Amazon】31800円

★楽天で購入すると★
 2320円 お得（お得率8％）

↓お得な情報を一覧で確認出来るサイト
https://t.co/kMQYxgL6Rh

#楽天市場 #Amazon #お得 #せどり https://t.co/rsay3YIH0B",1.3111703927954883e+18
39,2020-09-30 05:15:38,yumori021001,"スーパーマリオ 3Dコレクション 

【楽天ブックス限定特典：ポストカード（4種セット）】

3つの歴代3Dマリオを1本のソフトに😆

楽天
▷ https://t.co/T8AADJVK4W

amazon
▷ https://t.co/cjzOrmaJwm

#任天堂 #スーパーマリオ
#大人も楽しい #楽天ブックス
#Amazon",1.3111728325088215e+18
40,2020-09-30 05:15:25,catnap707,"2020/09/30 13:28 ごろ。みさきブログで確認
#Amazon #Phishing 

◆件名
お支払い方法の情報を更新

◆リンク
hxxp://amazonnxxe[.]xyz/

◆IP
173.82.155[.]211 #MULTACOM https://t.co/iqfJ1w7San",1.311172776795857e+18
41,2020-09-30 05:15:58,rakten_kaden_,"09/30 14:15

エレクトロラックス 掃除機 スティック型 コードレ
【楽天】11980円
【Amazon】12780円

★楽天で購入すると★
 800円 お得（お得率7％）

↓お得な情報を一覧で確認出来るサイト
https://t.co/kMQYxgL6Rh

#楽天市場 #Amazon #お得 #せどり https://t.co/44xX0l4XUb",1.3111729154973737e+18
42,2020-09-30 05:07:27,ShopSuperSmart,"Check out LG 260 L 3 Star Frost Free Double Door Refrigerator (GL-I292RPZL, Shiny Steel, Smart Inverter Compressor) by LG https://t.co/V1KKS4Oxb6 via @amazon @amazonIN #Amazon #AmazonDeals #Bestdeals #amazonindia",1.3111707749133517e+18
43,2020-09-30 05:14:22,XperienceDope,"Blasting Foxy Brown ft. Blackstreet - Gotta Get You Home right now on Pretty Dope Xperience Radio aka #BlackPandora

listen now and catch a wave!! https://t.co/VqKFopeoex  #nowplaying #np #RT  #NowStreaming #Streema Download Now #Alexa #GooglePlay #iOSAppStore #Amazon #",1.311172515104985e+18
44,2020-09-30 05:12:23,miumiuMH,"自立と自律。精神的にも経済的にも自立する。自らをコントロールする自律。従業員を日本一幸せにする。
その思いと行動が奇跡を生んだ。
たくさんの人に読んでほしい書です。
柴田秋雄のホテル再生物語 https://t.co/v0EBkiIqNj… #Amazon",1.3111720168383324e+18
45,2020-09-30 05:12:09,giocarmon,"--    La versione ebook del libro #Fiabe dell'#amore e del #piacere costa solo 2,99 € - Scaricalo da #Amazon - Le fiabe che hanno incantato una generazione di lettori 
https://t.co/poJNrUuztU https://t.co/7jZNOM5H8l",1.3111719580930867e+18
46,2020-09-30 05:07:00,Haidji,"Book Quote: ""It is not that each one of us has the..."" Click on  https://t.co/PwWYpPEQmz #quoteoftheday #quotes #kindleunlimited #bookquotes #read #ebook #ku  #paperback #amazon  #inspiration #haidji #goodreads #books #read #reading #BookBoost #bookish https://t.co/ajdmp4PT3a",1.3111706594189107e+18
47,2020-09-30 05:15:00,shadowconn,I'm A Writer You Might Be Kille... by 4 All Times for $14.99 https://t.co/PJGE9D4ae2 via #amazon #coffeemug #writinggifts,1.311172672399831e+18
48,2020-09-30 05:08:08,ED_BARR,"@amazon is swallowing everything: #retail #ecommerce #logistics  #media ( #PrimeVideo &amp; #primemusic), #IoT (#echos, #blink, etc ), #cloud . Until being the main issue for @GoogleFR  (#searchengine and #googleshopping )?
#Amazon is everything?

https://t.co/2aMb6PiSOz",1.3111709449799188e+18
49,2020-09-30 05:06:33,manoramaonline,"അടുത്തു വരുന്ന ഉത്സവ സീസിണ്‍ വില്‍പ്പനയ്ക്കു മുന്നോടിയായി ആമസോണ്‍ ഇന്ത്യ നടത്തിയ 'ഗ്രെയ്റ്റ് ഇന്ത്യന്‍ മൊബൈല്‍ സര്‍വെ'യില്‍ വെളിപ്പെട്ടിരിക്കുന്നത് താത്പര്യജനകമായ ചില കാര്യങ്ങളാണ്... #technology #amazon #samsung

https://t.co/ZTBgL0bKHO",1.3111705469445448e+18
,date,screen_name,tweet,tweet_id
0,2020-09-30 05:04:40,Gupendar2502,"@FinservMARKETS Dear Team @FinservMARKETS Wish To Win These Time 🙏🏾 All Done ✅ Full Efforts Done ✅ Join guys 
#UnlockGold #Unlock #Contest #win #Amazon #tags  #FinservMARKETS 
@FinservMARKETS
Join @kapil_vinayak_ @Shalu_Nandini @Navyavegi @kusumsolanki17 @SanjanaNavodita",1.3111700746784932e+18
1,2020-09-30 05:05:06,kana_ogawa,"【ゴルフクラブ】ベスト10
WORLD EAGLE(ワールドイーグル) ワールドイーグル WE-F-F-01α メンズクラブセット【右用-S】+【ブラック】WE-F-F-01α スタンドバッグ フレックス:S
https://t.co/Eid611EzQ4 #Amazon",1.311170181272486e+18
2,2020-09-30 05:05:16,kana_ogawa,"【ゴルフクラブ】ベスト10
WORLD EAGLE(ワールドイーグル) F-01α メンズ ゴルフ クラブ フルセット ホワイトレッド バッグver.【右用】 フレックスR WE-J-F-01-MRH-WR
https://t.co/XDtMKFo3KU #Amazon",1.3111702250568008e+18
3,2020-09-30 05:01:45,chollosyoferta,"#Chollo #Amazon 84% DESCUENTO Tomtom Start 62   Navegador GPS (6"" Pantalla táctil, batería, Encendedor de Cigarrillos, USB, Interno, MicroSD/TransFlash), (versión importada Alemania)

Precio oferta: 159,04
Reacondicionado: 25,33

    👇👇👇👇👇👇👇
👉 https://t.co/VixmmLJ2XO https://t.co/GEEPOxMaD9",1.3111693399917568e+18
4,2020-09-30 05:02:10,ContratameYGana,"CONTRATAME Y GANA #BestSeller #Kindle #Thriller #QueLeer #recomiendoleer #Amazon Oferta 0,99€ -&gt;&gt; https://t.co/dU2MX231DA https://t.co/ik5FhZWUhM",1.3111694423033528e+18
5,2020-09-30 05:02:07,Gupendar2502,"@FinservMARKETS Join guys 
#UnlockGold #Unlock #Contest #win #Amazon #tags  #FinservMARKETS 
@FinservMARKETS
Join @kapil_vinayak_ @Shalu_Nandini @Navyavegi @kusumsolanki17 @SanjanaNavodita",1.3111694312554455e+18
6,2020-09-30 05:02:29,phamhocz,How to Play and Sync Music on Multiple #Amazon Echos https://t.co/kpjKYR1PKe,1.311169525082022e+18
7,2020-09-30 05:01:14,Deb22dn,"ANNOUNCEMENT... 5 directors... 5 stories... #GauthamMenon, #SudhaKongara, #RajivMenon, #SuhasiniManiRatnam and #KarthikSubbaraj... #Amazon to launch an anthology of five #Tamil short films... Titled #PuthamPudhuKaalai... Premieres 16 Oct 2020. https://t.co/a5p97ZrS90",1.311169208152064e+18
8,2020-09-30 05:04:41,EscribeCatalina,"#QueLeer #YoLeo #Autopublicación en #Amazon 
RT🔹Ázdeli Lidot... y el jinete del unicornio 🔷
🔘https://t.co/UmZgEtuaWU    

Podéis #leer mis #libros en #KDP #KindleUnlimited #LecturasDeOtono #CadaFamiliaUnaEscuela #Novelajuvenil #LibrosJuveniles #KatyNúñez #SerMejorQueAyer #Hoy https://t.co/pii9olBp7J",1.311170078516314e+18
9,2020-09-30 05:05:00,mirenepalacios,"¿Un poco de #poesía? Te dejo #poema ""La llama y la pasión"" #poemario ""Otra forma de ver"" #escritores #poeta #poetry #poetrycommunity #OtraFormaDeVer #leer  #lecturas #LibrosRecomendados #Writer #writercommunity #mirenepalacios #LecturaRecomendada #Amazon https://t.co/16lsNmz6JG https://t.co/BH0DZ73rsL",1.3111701564046418e+18
10,2020-09-30 05:05:42,kana_ogawa,"【ゴルフクラブ】ベスト10
テーラーメイド(TAYLOR MADE) M6 アイアンセット 2019年モデル スチール メンズ AD968309 右 ロフト角:I#5:21.5度/I#6:25度/I#7:28.5度/I#8:33度/I#9:38度/PW:43.5度/ 番手:I#5/I#6/I#7/I#8/I#9/PW フレックス:S
https://t.co/M4ohSPRggk #Amazon",1.3111703352411668e+18
11,2020-09-30 05:01:00,mokanosuke11,"新型コロナウイルス感染拡大だからネットで買い物

ダイソン 空気清浄機能付 ファンヒーター 

#都内 #厚生労働省 #感染 #消毒 #新型 #コロナウイルス #非常事態宣言 #ステイホーム #Amazon #アマゾン #ダイソン #Dyson #空気清浄機 #ファンヒーター https://t.co/GPTLgOAk7t",1.3111691497379062e+18
12,2020-09-30 05:05:18,EverydaySexy3,"SAVE MONEY WITH MOKA!
https://t.co/SkcVZCSx28

#Money #MoneyHeist #Savings #SavingMoney #Invest #Investment #Investors #debates #Amazon",1.311170230874501e+18
13,2020-09-30 05:01:11,TheInStockRoom,"***New Deal***
Stride Rite Girls Katie Light-...
Reduced from $34.95 to $14.96
https://t.co/b7UwQKLvv9
#Deals #newDeals #Amazon https://t.co/pReqwnRcXk",1.3111691981864673e+18
14,2020-09-30 05:05:37,kana_ogawa,"【ゴルフクラブ】ベスト10
DUNLOP(ダンロップ) ドライバー XXIO X ゼクシオ テン ドライバー MP1000 シャフト カーボン メンズ 右 ネイビー ロフト角:9.5度 番手:1W フレックス:S
https://t.co/VbQLkuMdtF #Amazon",1.3111703129317417e+18
15,2020-09-30 05:01:25,chollosyoferta,"#Chollo #Amazon 41% DESCUENTO Apple iPhone 11 Pro Max (64GB)   Verde Notte

Precio original: 1289,0
Precio oferta: 1199,0
Reacondicionado: 758,75

    👇👇👇👇👇👇👇
👉 https://t.co/p6WMI3ji1R https://t.co/Ib7izjJDMR",1.311169254520238e+18
16,2020-09-30 05:04:50,Luck01249,"2枚入り iphone 11 / xr 用 強化 ガラスフィルム 6.1 インチ 全面保護 指紋防止 撥水 旭硝子9H 貼付道具付

クーポン利用で199円💥
#Amazon #Apple #iPhone11

https://t.co/iSd8zFOzqn",1.31117011726737e+18
17,2020-09-30 05:05:00,kana_ogawa,"【ゴルフクラブ】ベスト10
Callaway(キャロウェイ) クラブセット WARBIRD メンズ用 10本 S(スチール) キャディバック付き 2019年モデル
https://t.co/GCeGH8LjJd #Amazon",1.3111701592817295e+18
18,2020-09-30 05:01:51,Gupendar2502,"@FinservMARKETS #FinservMARKETS ki app download Karke 
Join guys 
#UnlockGold #Unlock #Contest #win #Amazon #tags  #FinservMARKETS 
@FinservMARKETS
Join @kapil_vinayak_ @Shalu_Nandini @Navyavegi @kusumsolanki17 @SanjanaNavodita",1.3111693642304594e+18
19,2020-09-30 05:03:05,Gupendar2502,"@FinservMARKETS By getting family travel insurance 
Join guys 
#UnlockGold #Unlock #Contest #win #Amazon #tags  #FinservMARKETS 
@FinservMARKETS
Join @kapil_vinayak_ @Shalu_Nandini @Navyavegi @kusumsolanki17 @SanjanaNavodita",1.3111696760057037e+18
20,2020-09-30 05:02:21,CoolDealCA,"Toilet Paper via #Amazon  Prime Pantry!!

(Not in all zip codes) #Deal #ganga

 https://t.co/PhinLwzWy8 https://t.co/e4OO1kwCFl",1.3111694905042944e+18
21,2020-09-30 05:03:47,Gupendar2502,"@FinservMARKETS Finserv MARKETS Ke Personal Loan se 
Join guys 
#UnlockGold #Unlock #Contest #win #Amazon #tags  #FinservMARKETS 
@FinservMARKETS
Join @kapil_vinayak_ @Shalu_Nandini @Navyavegi @kusumsolanki17 @SanjanaNavodita",1.3111698495114076e+18
22,2020-09-30 05:05:00,BookTweepz,"We publish a variety of interesting #books listed on #amazon: #Architecture #Art #Biographies #Cooking #Health #Mathematics #Music #Nature #Politics #Religion and a variety of class-room tested books for #children.
Visit ➡️ https://t.co/ahtBPSLcM7
#readers @WParksPublisher",1.3111701589086495e+18
23,2020-09-30 05:01:23,best_deals_US,"Limited stocks!
Ezy Dose Pill Packs | Pill and Vitamin Organizer Pouches | 50 Count | Disposable

Offer price: $1.38 ($0.03 / Count) (72% OFF!)
Retail: $4.99 ($0.10 / Count)

https://t.co/h2GbtmBJsT

#Amazon #deals #RT https://t.co/hmepT4DMf5",1.3111692487402742e+18
24,2020-09-30 05:05:18,nichigocar_com,気軽に借りてみませんか？ #日産  #Nissan #ダイハツ #ホンダ #Honda #suzuki #スズキ #スバル #三菱自動車 #三菱 #軽自動車 #軽バン #軽トラ #ワゴン #事業主 #格安 #激安  #中古車 #レンタカー #車 #car #RENT   #コロナ対策 #withコロナの時代  #通勤 #Amazon https://t.co/L8BqtT509f,1.311170232623407e+18
25,2020-09-30 05:04:20,Pizzazz_Books,"Everyone’s dancin’ and prancin’, until chaos breaks out. 
★HOLLY AND HOLIDAYS, ANOTHER MURDER★ 
🦉https://t.co/XIZnDJcirG  

https://t.co/sEgESWKUPk #ASMSG #amazon
""@ChristaN7777 
✎via Pizzazz Book Promotions https://t.co/OfIQDxahgO
https://t.co/AWX8z7LGnT",1.3111699906751037e+18
26,2020-09-30 05:00:56,rakten_kaden_,"09/30 14:00

炊飯器 3合 ホワイト RC-MD30-W送料無料
【楽天】5480円
【Amazon】5680円

★楽天で購入すると★
 200円 お得（お得率4％）

↓お得な情報を一覧で確認出来るサイト
https://t.co/kMQYxgL6Rh

#楽天市場 #Amazon #お得 #せどり https://t.co/HfyW2jGCKv",1.31116913257071e+18
27,2020-09-30 05:05:03,s_repose,Ebooks. Limited time. Be quick! #Bookplugs #Amazon #WomensFiction #WritingCommmunity #Thriller #indiebookpromo https://t.co/K7hn1w14s9,1.311170169071313e+18
28,2020-09-30 05:01:41,basicthinking,"#Amazon setzt den Rest des Handels mal wieder unter Druck. 🛍

https://t.co/5AO7tZXFrv",1.31116932378078e+18
29,2020-09-30 05:03:44,CinematografiaG,Se revela que #Amazon adquirió los derechos de distribución de la secuela de #Borat y la estrenará a través de su servicio de streaming #PrimeVideo antes de las elecciones en Estados Unidos de noviembre🎬🍿 https://t.co/LL4lAXIXfp,1.3111698376669143e+18
30,2020-09-30 05:03:51,FC_highmountain,【うっちー(＾∇＾)】世界に挑む! サッカー日本代表 2014年ブラジルW杯 戦いの始まり (スコラムック) https://t.co/ZPA1S9RYYs #内田篤人 #Amazon #サッカー #雑誌 https://t.co/VJhzXKLjZv,1.3111698691239567e+18
31,2020-09-30 05:05:11,kana_ogawa,"【ゴルフクラブ】ベスト10
テーラーメイド(TAYLOR MADE) SIM MAX(シム マックス) フェアウェイウッド TENSEI BLUE TM50 カーボンシャフト メンズゴルフクラブ 右 ロフト角 : 21度 W#7 フレックス S U3182209
https://t.co/XdtUCM1svx #Amazon",1.311170203087061e+18
32,2020-09-30 05:04:49,Galav_Dani,I played this interesting Quiz on Amazon https://t.co/1qTERvgGkG #Amazon,1.3111701125278556e+18
33,2020-09-30 05:01:55,creativemm12,"👉https://t.co/56bzTSE08O  #amazon👈
💯👉Auto Follower👈💯
💯👉#自動相互フォロー👈💯

#autofollower
#Astros
#Eric #Trump
#Hillary #Clinton
#RT企画
#TeamFollowBack
#固定ツイートRT
#followtrick
#相互リツイート
#相互RT
#bts
#seventeen",1.3111693792250962e+18
34,2020-09-30 05:05:21,kana_ogawa,"【ゴルフクラブ】ベスト10
créer ゴルフバッグ 練習用 ゴルフ クラブケース ソフトケース 大容量 【 8～10本収納可能 / 3ポケット付き】
https://t.co/mjxzL72eIj #Amazon",1.3111702469510554e+18
35,2020-09-30 05:03:11,SolTaylorRdL,"¿Cómo te quedarías al descubrir que el apuesto hombre con el que llevas bailando toda la noche es en realidad un príncipe?

enlace: https://t.co/jVFreUP5bg

#IARTG #romance #kindle #KindleUnlimited #romantica #erotica #amor #BestSeller #eBooks #Amazon #erotica #leer #romance https://t.co/Zg69tjyLwv",1.3111696987809096e+18
36,2020-09-30 05:05:01,Dazeinfo,"Amazon and Flipkart Sale this time will allow shoppers to buy various products at jaw-dropping prices. Wondering what are the exciting benefits which you can avail? Check this out. 

#news #technology #flipkart #amazon #ecommerce #festiveseasonsale 

https://t.co/NuvTAX2p2n",1.311170163060945e+18
37,2020-09-30 05:01:03,INDIEBOOKSOURCE,"AUDIOBOOKS
https://t.co/g8yGaAFV1q
Narrated by Steve White
#AUDIOBOOK #Books #IARTG #Kindle #Amazon #ReadIndie #indieauthors #ian1 #bookboost https://t.co/Sss9CExyN8",1.3111691615954248e+18
38,2020-09-30 05:00:59,Gupendar2502,"@FinservMARKETS Join guys 
#UnlockGold #Unlock #Contest #win #Amazon #tags  #FinservMARKETS 
@FinservMARKETS
Join @kapil_vinayak_ @Shalu_Nandini @Navyavegi @kusumsolanki17 @SanjanaNavodita",1.3111691461224612e+18
39,2020-09-30 05:02:38,Gupendar2502,"@FinservMARKETS BBPS ki help se online payment karke 
Join guys 
#UnlockGold #Unlock #Contest #win #Amazon #tags  #FinservMARKETS 
@FinservMARKETS
Join @kapil_vinayak_ @Shalu_Nandini @Navyavegi @kusumsolanki17 @SanjanaNavodita",1.3111695627259003e+18
40,2020-09-30 05:02:50,GAMEZT2013,激安グラボ！ #RADEON HD 3870 1GBメモリ https://t.co/uy6eBczyiF まだまだ早い部類 #ヤフオク #Yahoo #amazon #PC #グラボ,1.3111696113924506e+18
41,2020-09-30 05:05:16,QuickShopDeals,"***Great Deal***Low Price***
Funko Pop! Games: Fortnite - Cuddle Team Leader
Reg$10.99 to $6.99 *Free ship*
https://t.co/PONdsfc6Jf
#amazon #amazondeals #deals #sale #save #savings #shop https://t.co/kgFN68kJyS",1.3111702222887117e+18
42,2020-09-30 05:02:48,Alicia_Florence,"*** IMPORTANT SPAMS Sep. ***

149 hours after the last arrival, I received #SPAM from #ChinanetJiangsuProvinceNetwork [CN] (#ChinaTelecom [CN]), AGAIN.

Spam subject:
- ""お支払い方法の情報を更新"" (#Amazon)

Foresight:
They reject the report. Maybe.",1.3111696044928246e+18
43,2020-09-30 05:01:17,CoolDealCA,"💲💰
Stride Rite Girls Katie Light-...
Reduced from $34.95 to $14.96

# #Deals #new #Deals #Amazon  #Deal #ganga

 https://t.co/5g91IyEp3r https://t.co/R5VBpLntji",1.3111692228742062e+18
44,2020-09-30 05:05:32,kana_ogawa,"【ゴルフクラブ】ベスト10
ゴルフクラブ JPX 921 ツアー アイアン 6本組(No.5～PW) メンズ 右利き用 ダイナミックゴールド120 スチールシャフト 硬さ/S200 5KJJS35606
https://t.co/ZzBTlh00OA #Amazon",1.3111702910206484e+18
45,2020-09-30 05:02:57,BigkartDeal,"#Amazon Quiz Answers 30 September Win Samsung Galaxy M21

https://t.co/XcqzorUe00

#QuizTimeMorningsWithAmazon #QuizTime",1.3111696431559188e+18
46,2020-09-30 05:05:27,kana_ogawa,"【ゴルフクラブ】ベスト10
ゴルフクラブ JPX 921 ホットメタル プロ アイアン 6本組(No.5～PW) メンズ 右利き用 https://t.co/PmgMySluoP 950GH neo 軽量スチールシャフト 硬さ/S 5KJKS35806
https://t.co/taLZEpwY5b #Amazon",1.3111702688496108e+18
47,2020-09-30 05:02:30,XperienceDope,"Blasting Brockhampton - Sugar (Club) right now on Pretty Dope Xperience Radio aka #BlackPandora

listen now and catch a wave!! https://t.co/VqKFopeoex  #nowplaying #np #RT  #NowStreaming #Streema Download Now #Alexa #GooglePlay #iOSAppStore #Amazon #",1.311169528991228e+18
48,2020-09-30 05:04:43,geeky_nemo,"Tech News: Amazon introduces the Amazon One 
#AmazonOne #Amazon 

https://t.co/eyY0ebP1rg",1.311170086925865e+18
49,2020-09-30 05:03:17,INTsushinsha,"『薬局新時代　薬樹の決断―「まちの皆さま」の健康を支えるために』Kindle版
https://t.co/dhKWyKS2ps
#Kindle #amazon #電子ブック #医療 #薬",1.3111697265511875e+18
,date,screen_name,tweet,tweet_id
0,2020-09-30 04:55:55,rakten_kaden_,"09/30 13:55

ロボット掃除機 DEEBOT OZMO 920 高
【楽天】39800円
【Amazon】44300円

★楽天で購入すると★
 4500円 お得（お得率11％）

↓お得な情報を一覧で確認出来るサイト
https://t.co/kMQYxgL6Rh

#楽天市場 #Amazon #お得 #せどり https://t.co/3eOQdcVJtM",1.3111678714525e+18
1,2020-09-30 05:00:38,shinchaku,【発売日：2020/09/17】カッコウの許嫁（３） (週刊少年マガジンコミックス)  https://t.co/SzD3g6Q2JV #amazon,1.3111690599674348e+18
2,2020-09-30 05:00:18,buybooks_amazon,#BestBooks #Amazon #Novel : BAD NEWS: LAST JOURNALISTS IN A DICTATORSHIP --&gt; https://t.co/fa1m2ukjwF,1.3111689744537928e+18
3,2020-09-30 05:00:37,shinchaku,【発売日：2020/09/12】失格紋の最強賢者 ～世界最強の賢者が更に強くなるために転生しました～ 12巻 (デジタル版ガンガンコミックスＵＰ！)  https://t.co/SsgUZeknWu #amazon,1.3111690533949071e+18
4,2020-09-30 05:00:03,YabRock,#TheBeatles Box https://t.co/afh5avJv1w #Rock #アマゾン #Amazon #AmazonJP,1.3111689119335465e+18
5,2020-09-30 05:00:26,shinchaku,【発売日：2020/09/30】転生したらスライムだった件 17 (GCノベルズ)  https://t.co/mWJbSGDJ9I #amazon,1.3111690099796582e+18
6,2020-09-30 05:00:30,shinchaku,【発売日：2020/09/23】Myojo (ミョージョー) 2020年11月号 [雑誌] (Myojo(ミョージョー))  https://t.co/und0mVsVP7 #amazon,1.3111690262367805e+18
7,2020-09-30 05:00:27,shinchaku,【発売日：2020/09/23】青野くんに触りたいから死にたい（７） (アフタヌーンコミックス)  https://t.co/RT1kVOiXvC #amazon,1.3111690124123546e+18
8,2020-09-30 04:57:43,GPWriter,"a #blog and #Smashwords to follow soon....#read my #poetry collection #TheTrumpYears and #vote the liar out on 11/3
available digital only on #Amazon 
a disastrous failed presidency explored in 10 #poetic parts...
#poet #poets 
https://t.co/rcTTHnR2lg",1.311168325775364e+18
9,2020-09-30 04:57:13,AppDropped_UK,"Check out this #Amazon Bestseller - ASUS AC5300 2167 Mbps ROG Rapture Wireless Broadband Ro for £308.7
https://t.co/ZzyN9HsnDo https://t.co/2aROjYF0lW",1.3111681963979366e+18
10,2020-09-30 04:58:19,GPWriter,"just in time for the #debates
a #poetic howl...about my horror, heartbreak...during #TheTrumpYears is now my next #poetry collection available on available on #Amazon
https://t.co/rcTTHnR2lg
it is finally here in time 4 the most important #election of our lives
#poem #poets #vote",1.3111684770177188e+18
11,2020-09-30 04:59:02,ahaskeys,"Getting into lecturing seriously 🎯

.
.
.
#lecture #music #sound #producer #amazon #prime @ JMC Academy https://t.co/ZQ88ick2tC",1.3111686559846031e+18
12,2020-09-30 04:56:43,Chirag10054523,#GreatIndianfestivalgames @Chirag10054523 #Amazon https://t.co/MjWU3ghGBv,1.3111680721499914e+18
13,2020-09-30 05:00:30,shinchaku,【発売日：2020/09/17】炎炎ノ消防隊（２５） (週刊少年マガジンコミックス)  https://t.co/q0AFdu9Dyc #amazon,1.3111690238879703e+18
14,2020-09-30 04:58:16,CoolDealCA,"💵💰

Get the NEW #Amazon  Fire 8 HD Tablet for $59.99, 33% off!

*can watch Netflix, Disney+, Twitch, use Twitter, etc!

 #Deal #ganga

 https://t.co/feeisl9Eqb https://t.co/f91hVgoX9D",1.3111684639820227e+18
15,2020-09-30 05:00:27,yuki_nagase,"【ゴルフ】ベスト10
第1話
https://t.co/Qw9Brbjwgp #Amazon",1.3111690113091133e+18
16,2020-09-30 05:00:39,shinchaku,【発売日：2020/08/04】チェンソーマン 8 (ジャンプコミックスDIGITAL)  https://t.co/9H2uX2gUIs #amazon,1.31116906121728e+18
17,2020-09-30 04:58:55,creativemm12,"👉https://t.co/Zj7hyCAzeE #amazon👈
💯👉Auto Follower👈💯
💯👉#自動相互フォロー👈💯

#RT企画
#Bad #Bunny #Crocs
#Eric #Trump
#National #Coffee #Day
#固定RT
#相互RT
#TFB
#RT企画
#f4f
#followtrick
#相互リツイート
#autofollower",1.3111686270354473e+18
18,2020-09-30 05:00:30,shinchaku,【発売日：2020/09/23】週刊少年マガジン 2020年43号[2020年9月23日発売] [雑誌]  https://t.co/Ombr2c27Ff #amazon,1.3111690250498499e+18
19,2020-09-30 05:00:33,shinchaku,【発売日：2020/09/25】アフタヌーン 2020年11月号 [2020年9月25日発売] [雑誌]  https://t.co/uwmOoekX8i #amazon,1.3111690368526213e+18
20,2020-09-30 04:56:37,ohFFSford,"⁦@davemeltzerWON⁩  This book will get to me by Oct 4. Buying it 

https://t.co/pZOorSfNe5 #Amazon",1.311168048787669e+18
21,2020-09-30 04:58:22,XperienceDope,"Blasting Rushiano - Body right now on Pretty Dope Xperience Radio aka #BlackPandora

listen now and catch a wave!! https://t.co/VqKFopeoex  #nowplaying #np #RT  #NowStreaming #Streema Download Now #Alexa #GooglePlay #iOSAppStore #Amazon #",1.311168486207615e+18
22,2020-09-30 04:59:23,Gupendar2502,"@FinservMARKETS Buying digital gold through finserv markets app 
#UnlockGold #Unlock #Contest #win #Amazon #tags  #FinservMARKETS 
@FinservMARKETS
Join @GoldQueenie4 @bp051t1ve_pr1ya @Shalu_Nandini @Vaibhav17m @kusumsolanki17",1.311168743049896e+18
23,2020-09-30 05:00:37,yuki_nagase,"【ゴルフ】ベスト10
ユピテル(YUPITERU) スイング練習機 Yupiteru GOLF GST-7 BLE ユニセックス 使用可能時間:満充電時約10時間 本体サイズ:124mm(D)×60mm(W)×18mm(H)
https://t.co/Z5bTCI1CHO #Amazon",1.311169055198331e+18
24,2020-09-30 05:00:32,yuki_nagase,"【ゴルフ】ベスト10
【公式】Pin-Eagle(ピンイーグル) ゴルフ 距離計 660yd対応 安心国内ブランド 3年保証付き 光学6倍望遠 IPX5防水 高低差機能 ゴルフ 距離計測器レーザー 距離測定器
https://t.co/c2iokueTy1 #Amazon",1.31116903328725e+18
25,2020-09-30 05:00:43,yuki_nagase,"【ゴルフ】ベスト10
ゴルフダイジェスト 2020年 11月号 [雑誌]
https://t.co/HNTeKtGNXN #Amazon",1.311169077260333e+18
26,2020-09-30 05:00:01,yuki_nagase,"【ゴルフ】ベスト10
放送開始直前 白金台女子ゴルフ部
https://t.co/HJ22b8ZIxa #Amazon",1.3111689012422124e+18
27,2020-09-30 05:00:25,shinchaku,【発売日：2020/09/18】キングダム 59 (ヤングジャンプコミックス)  https://t.co/ORRPBdRFdj #amazon,1.3111690033399194e+18
28,2020-09-30 05:00:22,yuki_nagase,"【ゴルフ】ベスト10
Rapsodo ゴルフ弾道測定器 モバイルトレーサーMLM [日本国内正規品] iPhone/iPadのみ対応 赤と黒
https://t.co/ATGTe8OlKM #Amazon",1.311168989465178e+18
29,2020-09-30 04:58:34,QuickShopDeals,"***Great Deal***Low Price***
Star Wars The Mandalorian The Child Pod Screenshot Logo T-Shirt
Price$19.98* Free Ship*
https://t.co/g7Cy4w01H9
#amazon #mazondeals #deals #Sale #save #savings #shop https://t.co/udC6RrPfk0",1.3111685389384294e+18
30,2020-09-30 05:00:21,shinchaku,【発売日：2020/09/17】半沢直樹　アルルカンと道化師  https://t.co/r2Atd1vzsF #amazon,1.311168987405914e+18
31,2020-09-30 04:55:57,readtiafanning,"We’re closer to this than you realize. Ask Author @DeMarcoWriter — or better yet, read the book. #Amazon. People need to read more.

#MoreBooks #LessSocialMedia
🐺#WolfPackAuthors https://t.co/tgtfrF0SoR",1.3111678788262543e+18
32,2020-09-30 04:58:29,ShopSuperSmart,"@inBookGeeks @WestlandBooks @chetan_bhagat Get your copy here :
Check out One Arranged Murder by Bhagat, Chetan https://t.co/MsZtoz3NmK via @amazon #Amazon #amazonindia #AmazonDeals",1.311168518314885e+18
33,2020-09-30 04:56:00,Haidji,"Book Quote : ""Sometimes the world around you..."" Click on  https://t.co/39BkPzWoLz #quoteoftheday #quotes #kindleunlimited #amazonbooks #amazon   #inspiration #haidji   #goodreads #books #read #reading  #book https://t.co/Nt9ZMtixA4",1.3111678911533425e+18
34,2020-09-03 18:26:48,LenovoLegion,"Lenovo Legion x @PlayApex
Now is your chance to rise above the rest. 
Unmatched performance, purposeful engineering, modern design.
Gear up with a machine as savage as you are.
Stylish outside.
Savage inside.",1.301587465258578e+18
35,2020-09-30 04:57:56,VfGoaBCrLiInilf,"マンガをたくさん読むならKindle Oasis 広告つき
 #amazon #kindle #防水 #電子書籍 

 https://t.co/v3gvg9gNBG",1.311168379634348e+18
36,2020-09-30 05:00:37,shinchaku,【発売日：2020/09/17】ダイヤのＡ　ａｃｔ２（２３） (週刊少年マガジンコミックス)  https://t.co/0UM66KjUye #amazon,1.311169054707798e+18
37,2020-09-30 05:00:15,dealnarwhal,Tree Hut Shea Sugar Scrub Tropical Mango $5.99 https://t.co/G1mtd39Rj9 at #Amazon https://t.co/d6q1PMgt8b,1.3111689631209513e+18
38,2020-09-30 05:00:01,kaisha911,"@FinservMARKETS Done already!
Time to keep my fingers crossed &amp; wish to win!
🤞🏼🤞🏼🤞🏼🤞🏼🤞🏼🤞🏼🤞🏼🤞🏼🤞🏼🤞🏼🤞🏼🤞🏼🤞🏼🤞🏼

 #Unlock #contest #Amazon #FinservMARKETS 

@FinservMARKETS",1.311168902383059e+18
39,2020-09-30 05:00:22,shinchaku,【発売日：2020/09/23】マージナル・オペレーション（１５） (アフタヌーンコミックス)  https://t.co/iBK5tIgTsC #amazon,1.311168991629652e+18
40,2020-09-30 04:59:46,readtiafanning,"Tis the season for #Zombies. Find #WolfPackAuthor @AlexanderZPain on #Amazon.

🧟‍♂️🧟🧟‍♀️ #HalloweenRead https://t.co/fP2XPY98zr",1.3111688387724206e+18
41,2020-09-30 04:59:34,GPWriter,"a #poetic howl...about my horror, heartbreak...during #TheTrumpYears is now my next #poetry collection available on available on #Amazon
https://t.co/rcTTHnR2lg
in the works 4 5 long years...it is finally here in time 4 the most important #election of our lives
#poems #poet #vote",1.3111687881511895e+18
42,2020-09-30 05:00:27,ProfitNetwork,"Consumers seek product recommendations from influencers as often as they do from friends, so learn how to work with #Amazon influencers to increase sales. @Sellbrite @wmharris101
  https://t.co/5IiFWmL69N",1.3111690128234045e+18
43,2020-09-30 05:00:16,yuki_nagase,"【ゴルフ】ベスト10
#6 浜ちゃん 後輩と行く ハワイで休日
https://t.co/NXwvKPgmEh #Amazon",1.3111689675919155e+18
44,2020-09-30 05:00:22,shinchaku,【発売日：2020/09/19】終末のワルキューレ 8巻 (ゼノンコミックス)  https://t.co/Whur9for4G #amazon,1.3111689927327334e+18
45,2020-09-30 05:00:28,shinchaku,【発売日：2020/09/23】鬼灯の冷徹（３１） (モーニングコミックス)  https://t.co/OrwdfdXalO #amazon,1.3111690181837824e+18
46,2020-09-30 04:56:41,sateeshm9009,"ANNOUNCEMENT... 5 directors... 5 stories... #GauthamMenon, #SudhaKongara, #RajivMenon, #SuhasiniManiRatnam and #KarthikSubbaraj... #Amazon to launch an anthology of five #Tamil short films... Titled #PuthamPudhuKaalai... Premieres 16 Oct 2020. https://t.co/kOU2hKd0pB",1.3111680634132562e+18
47,2020-09-30 05:00:11,yuki_nagase,"【ゴルフ】ベスト10
部員番号9 井上莉花
https://t.co/5s8bJhISn9 #Amazon",1.3111689457605263e+18
48,2020-09-30 05:00:06,yuki_nagase,"【ゴルフ】ベスト10
ダイヤ(DAIYA) ゴルフ練習器 スイング525 TR-525
https://t.co/XXufNnL6N6 #Amazon",1.3111689236481556e+18
49,2020-09-30 05:00:43,ShopSuperSmart,"@Srik4nth @chetan_bhagat Get your copy here :
Check out One Arranged Murder by Bhagat, Chetan https://t.co/MsZtoz3NmK via @amazon #Amazon #amazonindia #AmazonDeals",1.3111690793868902e+18
,date,screen_name,tweet,tweet_id
0,2020-09-30 04:52:33,NehaG7781,"@FinservMARKETS Participated already!
#contest #Amazon 
Join:-
@v_srikanth70 
@tanmay_k143 
@Amitsha05006851",1.3111670249540485e+18
1,2020-09-30 04:53:01,dindayalaushadh,"𝐒𝐢𝐩 𝐓𝐡𝐞 𝐅𝐫𝐞𝐬𝐡𝐧𝐞𝐬𝐬!
𝐌𝐚𝐝𝐞 𝐰𝐢𝐭𝐡 H𝐢𝐠𝐡𝐞𝐬𝐭 𝐪𝐮𝐚𝐥𝐢𝐭𝐲 𝐨𝐟 𝐊𝐞𝐬𝐚𝐫 &amp; 𝐁𝐚𝐝𝐚𝐦 

#dindayal #dindayalaushadhi #dindayalcares #freshness #beattheheat #thandai #cool #amazon #fmcg #sharbat #ayurveda #ordernow #dryfruits #tasty #authentic #spices #kesar https://t.co/wTygx64In5",1.3111671406538015e+18
2,2020-09-30 04:55:33,kaisha911,"C'mon guys, participate now
@piyushpuri12 
@_WhytShadow_ 
@hey_its_sim 
@avne3 
@roydiya587 

Hope to win!!!!

 #Unlock #contest #Amazon 

@FinservMARKETS https://t.co/oWvTfKoe9h",1.311167780239016e+18
3,2020-09-30 04:45:12,amzn_deals_de,"https://t.co/ahPuRJCL0h LED Einbaustrahler, SOLMORE 6er LED Einbauleuchte 3000K Warmweiß mit 600lm, Bad Deckenspots Deckeneinbauleuchte LED Deckenstrahler IP44 Wasserdicht #Amazon # https://t.co/ieNI8joYXT",1.3111651755470152e+18
4,2020-09-30 04:42:11,MiEstiloBajio,"#ViveConEstilo | ¿Eres fan del café?☕️ Descubre descuentos en la Semana del Café de #Amazon donde encontrarás cafeteras, cápsulas, accesorios y más. 

Ingresa a: https://t.co/OegrcDYGKH https://t.co/aO95C6pMPl",1.311164416709329e+18
5,2020-09-30 04:42:54,WndowsVista,I just bought Cosplay Costume Cat Girl Maid Servant Dress on Amazon! Get your own here: https://t.co/Y7jIRLUISZ #Amazon,1.3111645968293478e+18
6,2020-09-30 04:52:49,LookdealsTw,"Today is #NationalCoffeeDay #NationalCoffeeDay2020 
#Coffee time now. This products on #Amazon 
#starbucks products ✅Link:https://t.co/XVjioD4Ldk
#Nespresso machines ✅Link:https://t.co/GhDlNSRHjE https://t.co/oDloiBLDR7",1.3111670920586609e+18
7,2020-09-30 04:45:15,maximilien_seo,Deux formations sur les site de niche créez des sites et générez des revenus passifs en ligne https://t.co/EZKK7UeXss #sitedeniche #blog #SEO #Amazon #blackhat #blackhatmoney,1.311165185428775e+18
8,2020-09-30 04:43:24,XperienceDope,"Blasting Mack Trell - Jodeci Makeup right now on Pretty Dope Xperience Radio aka #BlackPandora

listen now and catch a wave!! https://t.co/VqKFopeoex  #nowplaying #np #RT  #NowStreaming #Streema Download Now #Alexa #GooglePlay #iOSAppStore #Amazon #",1.311164722817925e+18
9,2020-09-30 04:52:04,efI8DyJuNN6UHkK,プライムデー前に買い物しようかな。#Amazon / 1000円買うと1000円もらえる！？Amazonの新キャンペーンがすごい (BuzzFeed Japan) #NewsPicks https://t.co/58GW8yt0iv,1.311166903348392e+18
10,2020-09-30 04:51:45,paramganic,"International transparent day ..!!
#socialmedia  #gaintrick #sdv #followtrain #100likes #famous #india #gym #sports #health #instagram   #own #supplements #natural #bollywood #lifestyle #product #paramganic #fitness #immunityboost #dynamite #digestionsupport #bodyfat #amazon https://t.co/UlheWPR9vw",1.3111668233630147e+18
11,2020-09-30 04:55:04,lucythenovelist,"⭐⭐⭐⭐⭐ ""Loved it!"" 
""The storyline is fast-paced, and suspenseful, filled with danger and twists and turns. Avie Paige did a good job with the narration.""
 
#Audible https://t.co/sDJUmYQ8l9

#Amazon https://t.co/SEynUIEgAw

#audiobooks #kindleunlimited #RomanceReaders https://t.co/Dw2dl4qLbz",1.3111676574928364e+18
12,2020-09-30 04:53:00,creativemm12,"&lt;Current Weather&gt;
Boston
Temperature: 71.92°F/ Status: clouds
👉https://t.co/DScaAvuZRu #amazon👈
💯👉Auto Follower👈💯
💯👉#自動相互フォロー👈💯

#FollowBack
#Yankees
#Titans
#White #Sox
#相互RT
#autofollower
#500ADay
#TeamFollowback
#TFW
#Fol",1.3111671352305213e+18
13,2020-09-30 04:45:22,creativemm12,"#レワード(Reward) の レワード(Reward) 洗える 立体 布マスク  野球ユニフォームメーカーが作った布マスク 裏メッシュ素材採用 国内生産(浜松工場) アイボリー M
https://t.co/qUYATjHdzM
#f4f
#onlineseller
#amazon
#Eric #Trump
#Rebekah #Vardy
#利物浦",1.311165215531176e+18
14,2020-09-30 04:44:57,best_deals_US,"You gotta peep this one:
CURT 21801 Black Rubber Trailer Hitch Ball Cover, 1-7/8 or 2-Inch Diameter

Offer price: $2.67 (29% OFF!)
Retail: $3.76

https://t.co/WpcxQZGG9f

#FOLLOW #Amazon #WednesdayWisdom https://t.co/cNHOYAlL3U",1.3111651113278464e+18
15,2020-09-30 04:44:38,QuickShopDeals,"***Great Deal***Low Price***
GMT-10317 Jack-O-Lantern Led Lighted Pumpkin Halloween Snow Globe - Battery Operated Swirling Water Glitter Globe for Halloween Home Decor Table Light
Price$31.99
https://t.co/nVbeTB27Rf
#amazon #amazondeals #deals #sale #save #savings #shop https://t.co/vWIjHiCYZm",1.3111650323954033e+18
16,2020-09-30 04:50:25,SeeLatest,"5 directors, 5 stories. #GauthamMenon, #SudhaKongara, #RajivMenon, #SuhasiniManiRatman and #KarthikSubbaraj. #Amazon to launch an anthology of five Tamil short films. Titled #PuthamPudhuKaalai. Premieres 16 Oct 2020. https://t.co/78sG0Y58bt",1.3111664875293164e+18
17,2020-09-30 04:48:26,LoksattaLive,"सणासुदीच्या पार्श्वभूमीवर #Amazon, #Flipkart, #EcomExpress सारख्या कंपन्या देणार ३ लाख नोकऱ्या... https://t.co/ab1gdPwAkz via @LoksattaLive",1.311165986167386e+18
18,2020-09-30 04:42:00,robinsnewswire,"""Ktaxon Outdoor Patio Wicker Rattan Chaise Lounge Chair only $187.88: eDeal Info"" #Amazon #Ebay #Walmart #Discounts #Coupons #Deals: https://t.co/EeCLJ96zPe",1.3111643697497334e+18
19,2020-09-30 04:50:02,NatureCutsTags,Piranha Vinyl Stickers #naturecuts #vinyl #vinylstickers #sticker #decals #party #event #birthday #wedding #babyshower #wedding #favors #decoration #fish #amazon #jungletheme #jungle #piranha https://t.co/zJHwovXvgR via @amazon,1.3111663901545267e+18
20,2020-09-30 04:44:15,toposant55,I played this interesting Quiz on Amazon https://t.co/5WMLAQOlZB #Amazon #AmazonQuiz,1.3111649345714545e+18
21,2020-09-30 04:48:40,TranceMusicBar,"When #Amazon, #Google, #Apple and #Tesla work in sync anything is possible: a Tesla owner was not at home to receive his Amazon deliver. His solution was genius.

#innovation #ai #4IR #life #tech 

via @FrRonconi 

https://t.co/a4x9v8Jmvw",1.3111660485240914e+18
22,2020-09-30 04:53:55,taran_adarsh,"ANNOUNCEMENT... 5 directors... 5 stories... #GauthamMenon, #SudhaKongara, #RajivMenon, #SuhasiniManiRatnam and #KarthikSubbaraj... #Amazon to launch an anthology of five #Tamil short films... Titled #PuthamPudhuKaalai... Premieres 16 Oct 2020. https://t.co/IEF3x6TSvR",1.311167368115024e+18
23,2020-09-30 04:49:00,Haidji,"Book Quote: ""In the middle of the night, somewhere..."" Click on https://t.co/oavjmMfW2M #quoteoftheday #quotes #kindleunlimited #bookquotes #read #ebook #ku  #paperback #amazon  #inspiration #haidji #goodreads #books #read #reading #BookBoost #Bookish https://t.co/3mIiFf3QTK",1.3111661295413248e+18
24,2020-09-30 04:45:54,rakten_kaden_,"09/30 13:45

【大人気　注文殺到】【当店人気　国内REFA正規品
【楽天】18980円
【Amazon】19000円

★楽天で購入すると★
 20円 お得（お得率0％）

↓お得な情報を一覧で確認出来るサイト
https://t.co/kMQYxgL6Rh

#楽天市場 #Amazon #お得 #せどり https://t.co/n0zAsnVPjE",1.31116535044096e+18
25,2020-09-30 04:43:14,butapanbutapan,"埼玉誕生150周年☆
私が選ぶ150周年を彩る  #ロゴマーク はこれだ！
@saitama150th ではプレゼントCPを実施中！～10/12
抽選で20名に  #Amazon  #ギフト券 500円分を  #プレゼント ♪
 https://t.co/PQY104tlrm",1.3111646783707668e+18
26,2020-09-30 04:43:31,EisWinning,"Click the link for your chance to #WIN a $100 #Amazon #GiftCard!
https://t.co/aXoK6KZb8B https://t.co/ykC9UijzmK",1.3111647505968415e+18
27,2020-09-30 04:43:11,amzn_deals_de,https://t.co/gToHCSFKRM Charles Daily Dish Nanny - Magnet-Schild für Geschirrspüler - Organizer - Blende Spülmaschine - Büro-Zubehör - Küchen-Gadgets - Büro-Gadgets #Amazon #Deal https://t.co/LPI9kCeo9W,1.3111646662409953e+18
28,2020-09-30 04:43:31,readtiafanning,"Tis the season for spooky. #Zombies from @RobHorner8. #HalloweenRead #HorrorBooks #Amazon

🐺 #WolfPackAuthors https://t.co/VnEK8NYrVP",1.311164750798164e+18
29,2020-09-30 04:50:26,QuickShopDeals,"***Great Deal***Low Price***
Star Wars The Mandalorian The Child Baby Yoda Halloween Airblown Inflatable
Price$60.49
https://t.co/g5tZfMmLC8
#amazon #amazondeals #deals #sale #save #savings #shop #halloween https://t.co/Zo7Fh8HEsQ",1.3111664896308306e+18
30,2020-09-30 04:54:22,larnestas,"Cedar Valley Pit Bull Rescue - Donation Drive - Waterloo, Iowa - I Love Larne #IGive #WagWalking #Amazon #Wishlist https://t.co/f095xNNOGl",1.311167481856381e+18
31,2020-09-30 04:55:30,basseeraDE,"Ab bei #Amazon: https://t.co/5TTAWlOqQv 
1. #Hajj und #Umra. Schritt für Schritt erklärt. 
2. Ein rechtleitendes #Geschenk an wahrheitssuchende #Christen
3. #Schiiten und #Sunniten - Unterschiede zwischen #Shia und #Sunna

#fasten #weißentage #أيام_البيض https://t.co/5pKxyHXQQg",1.3111677672535736e+18
32,2020-09-30 04:48:08,XperienceDope,"Blasting Yosef Nero - 6lack Hollywood right now on Pretty Dope Xperience Radio aka #BlackPandora

listen now and catch a wave!! https://t.co/VqKFopeoex  #nowplaying #np #RT  #NowStreaming #Streema Download Now #Alexa #GooglePlay #iOSAppStore #Amazon #",1.3111659112865464e+18
33,2020-09-30 04:53:59,DussolAlexis,"Chez #Amazon , on peut désormais payer avec la paume de la main https://t.co/fZ7mAYwmIy",1.3111673857942118e+18
34,2020-09-30 04:46:06,knowalittle,"How to use Amazon https://t.co/1FCdrb2VXk via @YouTube 

 Please  help our work reach more people by sharing it with your friends colleagues, social circles , near and dear ones on whatsapp and social media. Please do subscribe. Amlan makeknowledgefree   #howtouseamazon #Amazon",1.311165400688853e+18
35,2020-09-30 04:42:00,robinsnewswire,"""Fisher-Price Little People A Christmas Story only $25.00: eDeal Info"" #Amazon #Ebay #Walmart #Discounts #Coupons #Deals: https://t.co/MN58cUo2Fv",1.3111643691457413e+18
36,2020-09-30 04:46:18,BachFancy,"Will You Shut Up, Man 2020 Election Presidential Debate T-Shirt https://t.co/nZwi9tr43q #Amazon",1.3111654504122696e+18
37,2020-09-30 04:46:16,GoodReturnsIN,"Amazon One: Amazon's Innovation Allows Payments By Waving Palm 

#Amazon @amazon 
https://t.co/jMeWRg3HOG",1.3111654422374973e+18
38,2020-09-30 04:54:29,AxCJ1,God-Level Knowledge Darts: Life Lessons from the Bronx https://t.co/CHWtCuvtaI #Amazon someone send me $ for this book. #bodegahive $axcj1,1.3111675104361677e+18
39,2020-09-30 04:53:42,XperienceDope,"Blasting Rushiano - So Disrespectful right now on Pretty Dope Xperience Radio aka #BlackPandora

listen now and catch a wave!! https://t.co/VqKFopeoex  #nowplaying #np #RT  #NowStreaming #Streema Download Now #Alexa #GooglePlay #iOSAppStore #Amazon #",1.3111673122345247e+18
40,2020-09-30 04:55:15,techgalena,"Amazon mothership drone delivery concept 📦.

Follow @techgalena for more amazing stuff from #TechWorld.

#TechGalena #TechNews #Tech #Technology #Smartphone #Mobile #Phone #Computer #Amazon #Drone #Delivery #AmazonMotherShip #InnovationForEveryone https://t.co/LvxrBiIupU",1.311167703554556e+18
41,2020-09-30 04:49:43,blogosum,"#Books to cut the #road: Atlas Obscura: An Explorer's Guide to the World's Hidden Wonders by Joshua Foer

 https://t.co/PsWw8JViQw

 #amazon #amazondeals #deals #travel #goodbook #reading #story #book #readbooks #favoritebooks #motivation #inspiration https://t.co/cMgKgnJBJ7",1.3111663107899023e+18
42,2020-09-30 04:50:55,rakten_kaden_,"09/30 13:50

パナソニック　Panasonic NP-TCR4 
【楽天】42801円
【Amazon】42900円

★楽天で購入すると★
 99円 お得（お得率0％）

↓お得な情報を一覧で確認出来るサイト
https://t.co/kMQYxgL6Rh

#楽天市場 #Amazon #お得 #せどり https://t.co/OXacydHgzE",1.3111666109425623e+18
43,2020-09-30 04:46:08,amzn_deals_de,https://t.co/2umVBpj13H SUADEEX Arbeitsschuhe Sicherheitsschuhe Herren S3 Reflektierend Leicht Sportlich Atmungsaktiv Schutzschuhe Stahlkappe Schuhe Anti-Smashing Anti-Piercing #Amazon https://t.co/UgCLlsKpMi,1.3111654086747505e+18
44,2020-09-30 04:50:07,readtiafanning,Dare to read this? #Horror from Author @StinavD now on #Amazon. #HalloweenRead #WolfPackAuthors https://t.co/Z1wQLgsG43,1.3111664115454976e+18
45,2020-09-30 04:49:57,suyashpachauri,"ANNOUNCEMENT... 5 directors... 5 stories... #GauthamMenon, #SudhaKongara, #RajivMenon, #SuhasiniManiRatman and #KarthikSubbaraj... #Amazon to launch an anthology of five #Tamil short films... Titled #PuthamPudhuKaalai... Premieres 16 Oct 2020. https://t.co/e1rVLG9cJx",1.311166371338707e+18
46,2020-09-30 04:50:58,bryanandcandy,"Bryan &amp; Candy Green Tea Matcha Body Polish with natural microbeads for gentle exfoliation and deep pore cleansing. Prep yourself for the long weekend, just like Lavina.

Buy now on https://t.co/bHQKOOBizC

#GreenTea #Matcha #BodyPolish #Exfoliate #Scrub #amazon #SuhanaKhan https://t.co/ilvyH6Lqph",1.3111666256729088e+18
47,2020-09-30 04:52:00,LowyatNET,"#AmazonOne Is A Service That Scans Your Palm For #Contactless Payment

#Amazon

https://t.co/N0DL08ROUn https://t.co/vTKj8SPGcB",1.3111668844489318e+18
48,2020-09-30 04:48:00,mokanosuke11,"新型コロナウイルスだからお家で食事 

博多 もつ鍋 蟻月 赤のもつ鍋 しょうゆ味

#新型 #コロナウイルス #感染 #消毒 #ステイホーム #お家時間 #食べ物 #お取り寄せグルメ #美味しい #Amazon #アマゾン #博多 #もつ鍋 #蟻月 #赤のもつ鍋 #しょうゆ味 https://t.co/zVpdjW5ZrQ",1.3111658779292221e+18
49,2020-09-30 04:44:12,vinayky11,"A company called ""Amazon"" naming their products “fire” and “kindle” is pretty messed up.
#Amazon",1.311164921892057e+18
,date,screen_name,tweet,tweet_id
0,2020-09-30 04:36:16,XperienceDope,"Blasting Lil Face - Bday right now on Pretty Dope Xperience Radio aka #BlackPandora

listen now and catch a wave!! https://t.co/VqKFopeoex  #nowplaying #np #RT  #NowStreaming #Streema Download Now #Alexa #GooglePlay #iOSAppStore #Amazon #",1.3111629246737654e+18
1,2020-09-30 04:35:08,aryaaryan380,#amazonpay upi पेमेंट करते टाइम faild हो गयी थी जो बैंक से कट गयी लेकिन refund नहीं हुई है जिसको 18 दिन हो गए है कोई solution नहीं हो रहा है very bad server #Amazon,1.3111626392217969e+18
2,2020-09-30 04:39:52,businessofgreen,"Amazon jumps into virtual tourism, offering live one-on-one experiences around the world https://t.co/OauUalmxwc #amazon",1.31116383062664e+18
3,2020-09-30 04:35:11,kana_ogawa,"【アウトドア】ベスト10
折りたたみ リュック バックパック リュックサック バッグ ザック ハイキングバッグ 買い物 ショピングリュック用 PLUS 超軽量 防水 多ポケット コンパクト アウトドア 登山 旅行 通勤通学 便利グッズ レディース メンズ 40L大容量 (ブルー)
https://t.co/7MxSyPpuCq #Amazon",1.3111626535747953e+18
4,2020-09-30 04:41:39,slidurgaming,"#videogames #twitch #twitchstreamer #twitchaffiliate #twitchtv #codmw #gaming #gamers #modernwarfare #CallofDutyModernWarfare #cod #smallstreamer #callofduty #gamer #BattleRoyale #SmallStreamerCommunity #winning #Amazon #giftcard #giveaway starting  #now!
https://t.co/1AU1tVkdPy https://t.co/uhVvFMGEjR",1.3111642821307924e+18
5,2020-09-30 04:37:27,JMHashtag,Received package delivery alerts around 2:30pm. It was raining all afternoon/evening. I just got home after a 10 hour shift to find my packages completely soaked when there's a bench under an awning literally 5 feet away. (2nd picture for reference) #Amazon #amazonprime https://t.co/dVMDxSKr8Y,1.3111632258835128e+18
6,2020-09-30 04:41:02,hidesan_tv,"#おすすめ #売れ筋 #ベストセラー #新着 #人気 #ほしい物 #家電 #カメラ #Amazon #楽天 #楽天ROOM🌈
Soundcore の Anker Soundcore Liberty Air 2（完全ワイヤレスイヤホン Bluetooth 5.0）【IPX5防水規格 / 最大28時間音楽再生 / ワイヤを Amazon でチェック！ https://t.co/5XJ7CMGDun @amazonより",1.311164125343445e+18
7,2020-09-30 04:38:48,BrucePhurian,"Official teaser https://t.co/eIV9RlutNl 
Amazon https://t.co/E8GXDH7vO8  
Goodreads https://t.co/vvq5q8pBow   
#Google https://t.co/LiRO79AtRf #IARTG #IAN1 #ASMSG #RRBC #SFRTG #SciFiRTG #gr8books4u #BYNR #scifi  #PDF1 #Kindle #RPBP #Amazon #LitRPG #book #TrendingNow #Writer https://t.co/E9UCzhT1lR",1.3111635645860782e+18
8,2020-09-30 04:38:16,ilovetoreviewin,"Enter for a Chance to #Win a $50 #Amazon Gift Card #Giveaway Ends 10/31 https://t.co/DL1VenjMRL 
@KitHelens @las930",1.311163429567312e+18
9,2020-09-30 04:40:16,cal6122,GIVEAWAY! Enter to #win a $10 #Amazon gift card? Go enter the #giveaway daily for your chance to win from @thatsjustjeni Go enter   https://t.co/WtFkKrwsgh,1.3111639315122422e+18
10,2020-09-30 04:40:27,rapliks,"Billie Eilish hakkında bilinmeyen 23 gerçek. 
#Amazon #Netflix #Like #BillieEilishHot 
https://t.co/E3WN5wOy8F",1.3111639786771374e+18
11,2020-09-30 04:35:42,kana_ogawa,"【アウトドア】ベスト10
サーモス アウトドアシリーズ 保冷缶ホルダー ステンレス 350ml缶用 2wayタイプ ROD-002 S
https://t.co/sStSnh2DjH #Amazon",1.3111627856072008e+18
12,2020-09-30 04:35:48,kana_ogawa,"【アウトドア】ベスト10
DesertFox アウトドア ベッド 折りたたみ式ベッド キャンピングベッド 超軽量 耐荷重200kg 枕と収納袋付き 2色 収納袋防水 通気性 簡易 コンパクト ベッド (黄A)
https://t.co/3mGZ7siwcI #Amazon",1.311162807518294e+18
13,2020-09-30 04:38:06,kymom13,"Last Chance! Would you like to win a $50 Amazon Gift Card or PayPal Deposit? Check out this easy entry Gleam giveaway for a chance to #WIN

Open Worldwide

@GooseGiveaways #wingiftcard #wincash #amazon #paypal #winmoney #sweepstakes #giveaways https://t.co/nhxUjcU0M0",1.3111633860975288e+18
14,2020-09-30 04:40:07,hidesan_tv,"#おすすめ #売れ筋 #ベストセラー #新着 #人気 #ほしい物 #家電 #カメラ #Amazon #楽天 #楽天ROOM🌈
Anker の Anker PowerPort 2 Elite (24W 2ポート USB急速充電器)【PSE認証済/PowerIQ搭載/折りたたみ式プラグ搭載】 iPhone/iPad/Galaxy を Amazon でチェック！ https://t.co/qPyGUgDImV @amazonより",1.3111638960492257e+18
15,2020-09-30 04:41:08,amzn_deals_de,"https://t.co/vL94RoSwHS Anpro 5 Stück Nano Plus Entwicklerboard mit CH340 Chip Atmega328P für Arduino, EINWEG #Amazon #Deal https://t.co/ZdeoudCorf",1.311164152401064e+18
16,2020-09-30 04:39:43,SHINOMIYAMAKOTO,"【メーカー特典あり】 アカシア盤 「アカシア / Gravity」(CD+DVD+グッズ)[内容未定付き] https://t.co/EdjvIdKeEO #Amazon
あれ？！こんな高かったっけ？！",1.3111637957130936e+18
17,2020-09-30 04:35:13,Mistyrain_Magus,GTRACING ゲーミングチェア メッシュ 多機能 通気性抜群 ゲーム用チェア オフィスチェア パソコンチェアリクライニング ... https://t.co/w41P2132bm #Amazon,1.311162662693159e+18
18,2020-09-30 04:39:17,hidesan_tv,"#おすすめ #売れ筋 #ベストセラー #新着 #人気 #ほしい物 #家電 #カメラ #Amazon #楽天 #楽天ROOM🌈
Amazonベーシック(AmazonBasics) の Amazonベーシック ハイスピードHDMIケーブル - 1.8m (タイプAオス - タイプAオス) を Amazon でチェック！ https://t.co/tROuMSOhBK @amazonより",1.3111636848659948e+18
19,2020-09-30 04:39:39,hidesan_tv,"#おすすめ #売れ筋 #ベストセラー #新着 #人気 #ほしい物 #家電 #カメラ #Amazon #楽天 #楽天ROOM🌈
NIMASO の Nimaso iPhone SE 第2世代 (2020) / iPhone8 / iPhone7 用 強化ガラス液晶保護フィルム【ガイド枠付き】【2枚セット】 を Amazon でチェック！ https://t.co/NiNLRuLKaJ @amazonより",1.3111637767716536e+18
20,2020-09-30 04:35:50,hidesan_tv,"#おすすめ #売れ筋 #ベストセラー #新着 #人気 #ほしい物 #パソコン #周辺機器 #Amazon #楽天 #楽天ROOM🌈
日本サムスン の Samsung EVO Plus 128GB microSDXC UHS-I U3 100MB/s Full HD &amp; 4K UHD Nintendo Switch 動作確認済 MB-を Amazon でチェック！ https://t.co/ItqHjOTCkC @amazonより",1.3111628175133164e+18
21,2020-09-30 04:35:32,kana_ogawa,"【アウトドア】ベスト10
DOD(ディーオーディー) バッグインベッド バッグに入る軽量ベッド ツーリングにも CB1-510-KH
https://t.co/HXrympqI2V #Amazon",1.3111627413657682e+18
22,2020-09-30 04:35:08,CoolDealCA,"Home Office Laptop Desk only $59.99!!

#freebies #deals #deal #moneysaver #greatdeal #steals #discount #sale #bargain #bargainhunter #bargainshopper #cheap #bestprice #Amazon  #Deals #giveaway #Deal #ganga

 https://t.co/Hn8MXxcGQS https://t.co/iVTA7wLykm",1.3111626418266153e+18
23,2020-09-30 04:36:15,Buch_Bestseller,"Corona Fehlalarm? Zahlen, Daten und Hintergründe. Zwischen P… von Sucharit #Bhakdi https://t.co/Ggha2Pqkht hat sich seit 1h um einen Platz auf Platz 7 der #Amazon #Bestseller verbessert.",1.311162921939071e+18
24,2020-09-30 04:35:53,rakten_kaden_,"09/30 13:35

オムロン OMRON 公式 音波式電動歯ブラシ H
【楽天】4980円
【Amazon】11700円

★楽天で購入すると★
 6720円 お得（お得率135％）

↓お得な情報を一覧で確認出来るサイト
https://t.co/kMQYxgL6Rh

#楽天市場 #Amazon #お得 #せどり https://t.co/ku1a68YMY4",1.3111628307379978e+18
25,2020-09-03 18:26:48,LenovoLegion,"Lenovo Legion x @PlayApex
Now is your chance to rise above the rest. 
Unmatched performance, purposeful engineering, modern design.
Gear up with a machine as savage as you are.
Stylish outside.
Savage inside.",1.301587465258578e+18
26,2020-09-30 04:40:00,Haidji,"Book Quote:""God created teenagers so that parents ..."" Click on  https://t.co/W9swUXO0Uu #quoteoftheday #quotes #kindleunlimited #bookquotes #read #ebook #ku  #paperback #amazon  #inspiration #haidji #goodreads #books #read #reading #BookBoost #bookish https://t.co/jV8jxgqBx8",1.311163864541692e+18
27,2020-09-30 04:38:43,bazaar_offer,"Upto 75% Off on Men's Casual Topwear from Pantaloons, Red Tape, Converse, Fort Collins
starting @ 199 
#shopnow 👉 https://t.co/09HVnTXC4c

#Amazon  #AmazonPrimeVideo",1.3111635448853176e+18
28,2020-09-30 04:36:44,creativephil75,"#EARN #FREE #Amazon #coupons #giftcard #referral Si apre in cinque minuti attraverso applicazione! #Flowe è la svolta!
Scarica l'app e usa il promo code FILIPPOALBE0897
Ricevi subito il bonus! https://t.co/HxlZNscGe2",1.3111630439681556e+18
29,2020-09-30 04:40:24,NameisSandeep,"#AmazonQuiz
#Amazon 
#HandcraftsMelaQuiz
I played this interesting Quiz on Amazon-Play games at Amazon FunZone  https://t.co/hSuwa3vnfp https://t.co/CCowWQzENa",1.3111639652385423e+18
30,2020-09-30 04:42:00,robinsnewswire,"""Walker Edison Furniture CompanyRectangle Open Shelf Coffee Table only $111.99: eDeal Info"" #Amazon #Ebay #Walmart #Discounts #Coupons #Deals: https://t.co/HmonLUQKD8",1.311164368088834e+18
31,2020-09-30 04:37:57,NicolasHauff,"When you think of #Amazon,  the first thought that may come to your mind is an #OnlineStore. 
But the revenue chart below will show you how the company has become way more than that over the past years... https://t.co/Up3UW9HQj2 #ecommerce, #trends, #strategy https://t.co/xUUutGHAgs",1.3111633486381425e+18
32,2020-09-30 04:39:45,XperienceDope,"Blasting Geno Cash (Feat Austin Poe @AustinPoe_) - Fanego right now on Pretty Dope Xperience Radio aka #BlackPandora

listen now and catch a wave!! https://t.co/VqKFopeoex  #nowplaying #np #RT  #NowStreaming #Streema Download Now #Alexa #GooglePlay #iOSAppStore #Amazon #",1.3111638014930125e+18
33,2020-09-30 04:42:00,robinsnewswire,"""Citizen CC1029 Decorative Desk Clock only $58.72: eDeal Info"" #Amazon #Ebay #Walmart #Discounts #Coupons #Deals: https://t.co/b0hv1YQJKE",1.3111643686675948e+18
34,2020-09-30 04:37:01,CoolDealCA,"Get those Amazon purchases 🎁shipped faster for free 
One month #free #Amazon Prime trial
6 month 👀 free for students
click for details
https://t.co/vkCEWOmxOz https://t.co/E4sF3ECb3o",1.311163116785488e+18
35,2020-09-30 04:42:00,robinsnewswire,"""RENPHO Professional Cordless Clippers Kit Electric for Barbers Hair Cutting only $18.99: eDeal Info"" #Amazon #Ebay #Walmart #Discounts #Coupons #Deals: https://t.co/t74jt01wrw",1.3111643675099382e+18
36,2020-09-30 04:36:46,Kevynvoicemail,https://t.co/PsRpxSrQ9i #newmusic #release #Skill&amp;Steady #dancehall #kevynv #spotify #deezer #itunes #amazon #applemusic,1.3111630514424054e+18
37,2020-09-30 04:36:00,mokanosuke11,"新型コロナウイルスだからお家でパソコン

LG モニター ディスプレイ 35インチ/フレームレス曲面型ウルトラワイド

#新型 #コロナウイルス #感染 #消毒 #自宅待機 #おすすめ #Amazon #アマゾン #LG #ディスプレイ #モニター #曲面 #ウルトラワイド https://t.co/hdKgo3fqgv",1.3111628578668872e+18
38,2020-09-30 04:35:16,kana_ogawa,"【アウトドア】ベスト10
soomloom テーブル アウトドアテーブル アルミ製テーブル 折り畳み式テーブル 組立簡単 超軽量 収納便利 エクササイズ 収納ケース付き フレーム一体化 耐荷重30㎏ (ブラック)
https://t.co/yPQSeTyac2 #Amazon",1.3111626757123277e+18
39,2020-09-30 04:36:25,hicksfan7,Check Out Your Chance To WIN a $50 #AMAZON #GIFTCARD! #FREEBOOKS #KINDLEUNLIMITED https://t.co/2yAznQBuIQ,1.3111629637436047e+18
40,2020-09-30 04:35:24,hidesan_tv,"#おすすめ #売れ筋 #ベストセラー #新着 #人気 #ほしい物 #パソコン #周辺機器 #Amazon #楽天 #楽天ROOM🌈
Apple(アップル) の Apple Lightning - Digital AVアダプタ を Amazon でチェック！ https://t.co/lMPtYtFW9h @amazonより",1.311162708209795e+18
41,2020-09-30 04:35:20,AjayBhumkar1,@amazonIN #amazon great indian festival,1.311162692564992e+18
42,2020-09-30 04:38:06,amzn_deals_de,https://t.co/6HekFUNi37 URCERI Digital Luxmeter Tragbare Photometer Belichtungsmesser Beleuchtungsstärke Lichtmesser mit Bereich bis zu 200.000 Lux und LCD Display #Amazon #Deal https://t.co/TBX0ededBY,1.3111633893187625e+18
43,2020-09-30 04:40:54,rakten_kaden_,"09/30 13:40

Panasonic ラムダッシュ セット替刃 外刃
【楽天】6200円
【Amazon】6700円

★楽天で購入すると★
 500円 お得（お得率8％）

↓お得な情報を一覧で確認出来るサイト
https://t.co/kMQYxgL6Rh

#楽天市場 #Amazon #お得 #せどり https://t.co/hEnhmk1yNk",1.3111640904846213e+18
44,2020-09-30 04:35:37,kana_ogawa,"【アウトドア】ベスト10
メスティン 網付き メスティン炊飯 アルミ製飯ごう 折りたたみストーブ 固形燃料 アウトドア専用3点セット (MR-210)
https://t.co/K49dP9zt0n #Amazon",1.3111627636877804e+18
45,2020-09-30 04:38:33,hidesan_tv,"#おすすめ #売れ筋 #ベストセラー #新着 #人気 #ほしい物 #パソコン #周辺機器 #Amazon #楽天 #楽天ROOM🌈
NIMASO の 【ガイド枠付き】Nimaso iPad 10.2 (iPad 8世代 / iPad 7世代) ガラスフィルム iPad8 強化 ガラス 保護 フイルム (iPadを Amazon でチェック！ https://t.co/ivNetH3mvJ @amazonより",1.3111635016965448e+18
46,2020-09-30 04:38:13,heidiho5152,GIVEAWAY! Enter to #win a $10 #Amazon gift card? Go enter the #giveaway daily for your chance to win from @thatsjustjeni Go enter   https://t.co/QsAGb0POS9,1.3111634163592315e+18
47,2020-09-30 04:35:27,kana_ogawa,"【アウトドア】ベスト10
アウトドアチェア 折りたたみ 超軽量【 選べる8色】【ハイバック】【耐荷重150kg】コンパクト イス 椅子 収納袋付属 お釣り 登山 携帯便利 キャンプ椅子0016 (ベージュ/ハイバック)
https://t.co/OnHt4jMxtX #Amazon",1.3111627193623634e+18
48,2020-09-30 04:38:32,eroge_alert,【 #Amazon 】 天冥のコンキスタ https://t.co/YfpYRgzere,1.311163496021635e+18
49,2020-09-30 04:40:00,Tarrako1162,"🔥CHOLLO! #Amazon | #Juegos

📢Edge Entertainment-13 Pistas-Español, Color (EEDV1301) 

   ❌ Antes: 24,95€
   🔥 PRECIO OFERTA: 10,99€🔥 -56%
   🔰 Enlace: https://t.co/GoCQZsKSCn https://t.co/0K3SbjfNq1",1.311163864562557e+18
,date,screen_name,tweet,tweet_id
0,2020-09-30 04:30:37,bcqtpie604,"Join me on Likewise and get personalized daily picks for TV, movies, books, podcasts, and more. You in? Come help me earn more stuff off my baby registry #amazon #free #freestuff 
https://t.co/NGQWmwAk1d 
 #likewise",1.3111615037902438e+18
1,2020-09-30 04:30:23,briefcy,"Έντονες οι αντιδράσεις για τα προσωπικά δεδομένα
https://t.co/B8wmextfje #Amazon",1.311161447536382e+18
2,2020-09-30 04:30:52,hidesan_tv,"#おすすめ #売れ筋 #ベストセラー #YouTube #Webエンジニア #Webマーケティング #Webデザイン #Webライティング #プログラミング #動画編集 #Amazon #楽天 #楽天ROOM🌈
Mana の 1冊ですべて身につくHTML ＆ CSSとWebデザイン入門講座 を Amazon でチェック！ https://t.co/MVpSiv38p1 @amazonより",1.3111615654716293e+18
3,2020-09-30 04:31:17,SelkirkSays,"It's coming.... October 13-14
#Amazon Prime members rejoice! 
#PrimeDayPhotos @amazonphotos https://t.co/eKUwDD9EBL",1.3111616717805322e+18
4,2020-09-30 04:34:52,Tefidacom,"Amazon предупредила пользователей совершивших предварительный заказ игровой консоли Xbox Series X о позднем появлении

Microsoft создала в 2000 тему для Windows XP под названием “Candy”.

https://t.co/JjKrjjYy10

#Amazon, #XboxSeriesX, #Tefida",1.3111625742648238e+18
5,2020-09-30 04:31:36,kwillsmom,BISSELL Crosswave Pet Pro All in One Wet Dry Vacuum Cleaner and Mop ... https://t.co/kM4gSLwlfs #Amazon,1.311161752780931e+18
6,2020-09-30 04:34:32,Tomy745010Camp,"突然Amazonから茶封筒が届いた
えっ…何も買ってないけど🤔
恐る恐る開けるとAmazon musicの勧誘かよ‼️😆
Amazonさん！勧誘より先にAmazon musicの音飛び不具合なんとかして😩
#Amazon  
#Amazonから封筒が届いた https://t.co/71DBZgTY7P",1.3111624918465782e+18
7,2020-09-30 04:32:00,Haidji,"Book Quote: ""Some days the world is no more or less..."" Click on  https://t.co/r3D5MCTGPu #quoteoftheday #quotes #kindleunlimited #bookquotes #read #ebook #ku  #paperback #amazon  #inspiration #haidji #goodreads #books #read #reading #BookBoost #bookish https://t.co/iuJN1utD2i",1.3111618514519777e+18
8,2020-09-30 04:30:16,yuki_nagase,"【コスプレ小物】ベスト10
YanYu お面 般若 仮面 半面 白 赤 ハロウィーン マスク 文化祭 学園祭 夏祭り舞踏会 コスプレ 道具 小物 (赤)
https://t.co/XZ4eXUdaoB #Amazon",1.311161418004099e+18
9,2020-09-30 04:31:58,hidesan_tv,"#おすすめ #売れ筋 #ベストセラー #YouTube #Webエンジニア #Webマーケティング #Webデザイン #Webライティング #プログラミング #動画編集 #Amazon #楽天 #楽天ROOM🌈
SHIN-YU の iPhoneで撮影・編集･投稿 YouTube動画編集 養成講座 を Amazon でチェック！ https://t.co/o9O34XINlW @amazonより",1.3111618436001219e+18
10,2020-09-30 04:35:05,hidesan_tv,"#おすすめ #売れ筋 #ベストセラー #新着 #人気 #ほしい物 #パソコン #周辺機器 #Amazon #楽天 #楽天ROOM🌈
Anker の Anker iPhone 充電ケーブル PowerLine II ライトニングケーブル Apple MFi認証取得 iPhone iPad iPod AirPods 互換を Amazon でチェック！ https://t.co/posl8z3FCh @amazonより",1.3111626287402312e+18
11,2020-09-30 04:31:21,XperienceDope,"Blasting Bleez Staccwell ft. Yung Ricc - Ghetto  right now on Pretty Dope Xperience Radio aka #BlackPandora

listen now and catch a wave!! https://t.co/VqKFopeoex  #nowplaying #np #RT  #NowStreaming #Streema Download Now #Alexa #GooglePlay #iOSAppStore #Amazon #",1.3111616872952627e+18
12,2020-09-30 04:34:09,hidesan_tv,"#おすすめ #売れ筋 #ベストセラー #新着 #人気 #ほしい物 #Amazonデバイス #アクセサリ #Amazon #楽天 #楽天ROOM🌈
Amazon の Amazon イーサネットアダプタ を Amazon でチェック！ https://t.co/vXApQVKeEq @amazonより",1.3111623945890324e+18
13,2020-09-30 04:35:00,kana_ogawa,"【アウトドア】ベスト10
シングルバーナー キャンプコンロ登山用 コンパクトバーナー 圧電点火 折りたたみ式 防風 キャンプ/登山/アウトドア/ソロキャンプ バーナー 小型 軽量 ポータブル 五徳付き 収納ケース付き 変換アダプター付き (3.9kw)
https://t.co/qd6uLYe6me #Amazon",1.31116260898091e+18
14,2020-09-30 04:33:08,hidesan_tv,"#おすすめ #売れ筋 #ベストセラー #新着 #人気 #ほしい物 #Amazonデバイス #アクセサリ #Amazon #楽天 #楽天ROOM🌈
Amazon の 新登場 Fire TV Stick - Alexa対応音声認識リモコン付属 | ストリーミングメディアプレーヤー を Amazon でチェック！ https://t.co/cwo2Jf1pKy @amazonより",1.3111621368742175e+18
15,2020-09-30 04:32:40,MISAO86,"Acer ゲーミングモニター SigmaLine 24.5インチ KG251QIbmiipx 0.5ms(GTG) 240Hz TN... https://t.co/ecRrGtgD7k #Amazon

いっそのこと144Hzのmsiのモニターをサブにしてこれメインにするのどう？",1.311162021350531e+18
16,2020-09-30 04:30:27,yuki_nagase,"【コスプレ小物】ベスト10
sakuracos 即納品 ツイステッドワンダーランド ツイステ ジェイド・リーチ フロイド・リーチ ピアス コスプレ道具 コスプレ小物
https://t.co/w0iubIr0ny #Amazon",1.3111614618430095e+18
17,2020-09-30 04:32:54,V2Crystals,"📷 #Amazon Prime Day Announces Bonus Days for my #Handmade Business! Shop at v2C https://t.co/mQaGBf5H8E now through Monday, October 12th and spend the $10 credit during Regular Prime Days, which Tuesday, October 13th and Wednesday, October... https://t.co/jzN6kQly8g",1.3111620794418135e+18
18,2020-09-30 04:33:39,detox_tech,"Amazon unveils ""flying camera"" that launches if intrusions are detected.
According to #Amazon, this autonomous indoor security camera flies an user's chosen, personalized paths so that users can easily check in on their home.

#privacy #amazondrone #drone #cybersecurity https://t.co/HZ66ytGtRj",1.311162266495066e+18
19,2020-09-30 04:33:12,INTsushinsha,"『感謝な心―医療と福祉の垣根を越えた高齢者ケアの理想を追求』Kindle版
https://t.co/UDLtw1KDV5
#amazon #電子ブック #Kindle #医療 #福祉 #介護",1.3111621563694203e+18
20,2020-09-30 04:34:00,bump11070314,"昨日時点でこれだったのにどーゆーこと？
#Amazon
#教えてくれ https://t.co/dlVqeRA3OH",1.3111623562489283e+18
21,2020-09-30 04:34:39,reiwa_com2020,"限定価格は明日までですよ～😍✨
不動のメンソールの座を虎視眈々と狙うのはまさかのマンゴーだった、、、？！皆様どのフレイバーが好みだったかお聞かせくださいっ🤣❤
https://t.co/525zxsPaJ7

＃TheThird #加熱式タバコ #第３のタバコ #Amazon #期間限定 #衝撃プライス #令和ドットコム株式会社",1.3111625181238968e+18
22,2020-09-30 04:30:15,bmurphypointman,Shop my #amazon page for my recommended products https://t.co/7x0hbc3R1s,1.311161411503108e+18
23,2020-09-30 04:34:21,pepegomachan,"本日23:59締切です=͟͟͞͞ ♡︎

コンビニで買えるお好きなギフカ1500円分を3名様にプレゼント***-*

参加お待ちしています***-*

#プレゼント企画
#懸賞
#アマギフ
#Amazon
#iTunes
#GooglePray
#ニンテンドー
#楽天 https://t.co/vQxP9qYQX1",1.3111624442202153e+18
24,2020-09-30 04:32:19,hidesan_tv,"#おすすめ #売れ筋 #ベストセラー #YouTube #Webエンジニア #Webマーケティング #Webデザイン #Webライティング #プログラミング #動画編集 #Amazon #楽天 #楽天ROOM🌈
木村 博史 の 改訂 YouTube 成功の実践法則60 を Amazon でチェック！ https://t.co/gJdZIU2jQI @amazonより",1.311161930988417e+18
25,2020-09-30 04:33:58,creativephil75,BOOKS BOOKS BOOKS! I #libri di Filippo Albertin su #Amazon in #kindle https://t.co/KRodpkme3U #ebook #italiano #ebooks #sketchnotes #privacy #politica #sketchnotes #sketchnote #privacyonline #privacy #italia,1.3111623470635704e+18
26,2020-09-30 04:31:19,hidesan_tv,"#おすすめ #売れ筋 #ベストセラー #YouTube #Webエンジニア #Webマーケティング #Webデザイン #Webライティング  #Amazon #楽天 #楽天ROOM🌈
久保田 涼子 の Webデザイン良質見本帳　目的別に探せて、すぐに使えるアイデア集 を Amazon でチェック！ https://t.co/GlS5DDOOrn @amazonより",1.311161679032451e+18
27,2020-11-10 19:27:48,amazon,"Shanika, a leader with the Amazon Future Engineer program, fights for equal access to STEM education. She's committed to providing quality, hands-on learning for all students, no matter their zip code or skin color.",1.3262451923539968e+18
28,2020-09-30 04:32:46,kwillsmom,Bissell ProHeat 2X Revolution Max Clean Pet Pro Full-Size Carpet Cle... https://t.co/vzqKgg6Fy0 #Amazon,1.3111620445367583e+18
29,2020-09-30 04:35:06,kana_ogawa,"【アウトドア】ベスト10
ロング・トレイル！(字幕版)
https://t.co/Y8UuNkJm3H #Amazon",1.311162631139459e+18
30,2020-09-30 04:35:00,DayTechnology1,"On-Ear Lightweight ✨Edict by BoAt EWH01✨ Wireless Headphones with Noise Cancellation Can Also Fit in Budget, Check out Here 👉 https://t.co/EBVvuvy3Cd

#Amazon
#boat
#edictbyboat
#headphones
#edict
#edictbyboat
#nackbandheadphones
#wirelessheadphones 
@BoatNirvana https://t.co/JrlJYKtSSF",1.3111626064643686e+18
31,2020-09-30 04:30:48,yuki_nagase,"【コスプレ小物】ベスト10
Lyugym 鬼滅の刃 ハロウィン コスプレ 仮装 コスチューム小物 竈門 禰豆子（かまど ねずこ） 口枷 パーティー グッズ 変装用 コスチューム用小物
https://t.co/eKKkn4fQV7 #Amazon",1.3111615495332454e+18
32,2020-09-30 04:32:15,kwillsmom,"BISSELL CrossWave Floor and Carpet Cleaner with Wet-Dry Vacuum, 1785... https://t.co/GMNN4vtzbw #Amazon",1.3111619141735997e+18
33,2020-09-30 04:31:30,Varsha62284720,"#AmazonQuiz
#Amazon
Hey guys, I played this interesting Quiz on Amazon-Play games at Amazon FunZone. You can also try your Luck https://t.co/bwV7Gb9UAM",1.3111617249392435e+18
34,2020-09-30 04:34:14,FUZZ822806,"CHICCA(キッカ) キッカ メスメリック リップラインスティック 13 太陽に映える、ビビッドな青みピンク リップライナー https://t.co/QNtFH3E7pj #Amazon

まだ残ってる！フラフープめちゃくちゃオススメです〜素の唇が綺麗なピンクの人みたいになるよ",1.3111624136899666e+18
35,2020-09-30 04:35:04,RaelleLogan1,"Renegades, Rebels, Rogues... #novels #romance #books #book #booklovers #booklover #HistFic #coffee #amwritingromance #booklover #bookstoread #RomanceBooks #RomanceReaders #storyteller #kindle #weekendreads #bookblogger #amwriting #Amazon #fantasy #HistFic #storytelling #love https://t.co/88YA3whpEt",1.311162622721618e+18
36,2020-09-30 04:30:43,yuki_nagase,"【コスプレ小物】ベスト10
面白い LED光るホラーマスク 仮面 コスプレ小物 仮装 ハロウィン クリスマス イベント パーティー 仮面舞踏会 学園祭 新年会
https://t.co/k0haSBXQ76 #Amazon",1.3111615275887206e+18
37,2020-09-30 04:33:49,7Deals24,"🌟Dabur Honitus Hot Sip Ayurvedic Kadha (Pack of 30 Sachets)

✅Deal Price Rs.229/-

❌MRP Rs.240/-

🔗https://t.co/P7Figedjl3

📍More Link:🔎https://t.co/yJclP2a9qW

#Flipkart #Amazon #Bigbilliondays #GreatIndiansale",1.3111623087106867e+18
38,2020-09-30 04:30:18,CGH54,#Amazon Launches New Contactless #Biometric #Palm_Reading Technology That Scans Your Right Hand To Allow You To #Buy And #Sell At #Stores | Global Unrest | Before It's News https://t.co/T5HkjSPw8m,1.3111614247529062e+18
39,2020-09-30 04:30:32,yuki_nagase,"【コスプレ小物】ベスト10
レースマスク KAKOO 8種類8枚 レースアイマスク ベネチアンアイマスク ハロウィン 弾力レース紐 ベネチアンマスク 透かし彫り アイマスク セクシー コスプレ 仮装 パーティー 仮面舞踏会 変装 レース ヴェネチアン マスク (黒)
https://t.co/CKORdXV0jp #Amazon",1.311161483871445e+18
40,2020-09-30 04:30:22,yuki_nagase,"【コスプレ小物】ベスト10
Identity V 第五人格 アクリルスタンドシリーズ アイデンティティV 公式 サイトグッズ コスプレ 小物 小道具 人形 プレゼント 萌えグッズ かわいい (赤ずきん)
https://t.co/eGv1zJ9EsJ #Amazon",1.3111614400074179e+18
41,2020-09-30 04:32:54,ShopSuperSmart,"@TechnicalGuruji @YouTubeIndia Buy Here:
Check out the latest price of ONEPLUS series best phone ever
Check out OnePlus Nord 5G (Blue Marble, 8GB RAM, 128GB Storage) by OnePlus https://t.co/jgKIuXQrIS via @amazon @amazonIN #Amazon #AmazonIndia",1.3111620786825216e+18
42,2020-09-30 04:33:44,creativemm12,"👉https://t.co/uJDeZNrrKb #amazon👈
💯👉Auto Follower👈💯
💯👉#自動相互フォロー👈💯

#相互フォロー100
#Astros
#Titans
#White #Sox
#固定RT
#相互RT
#500ADay
#FollowNGain
#TeamFollowBack
#固定ツイートRT
#bts
#seventeen",1.3111622880411607e+18
43,2020-09-30 04:30:31,hidesan_tv,"#おすすめ #売れ筋 #ベストセラー #YouTube #Webエンジニア #Webマーケティング #Webデザイン  #Amazon #楽天 #楽天ROOM🌈
吉本 孝一 の 初心者からちゃんとしたプロになる Webデザイン基礎入門〈HTML、CSS、レスポンシブ〉 を Amazon でチェック！ https://t.co/da3crXwwfr @amazonより",1.3111614797568328e+18
44,2020-09-30 04:33:48,hidesan_tv,"#おすすめ #売れ筋 #ベストセラー #新着 #人気 #ほしい物 #Amazonデバイス #アクセサリ #Amazon #楽天 #楽天ROOM🌈
Amazon の 【新登場】Echo Auto - スマホとの組み合わせで車の中でもAlexaを を Amazon でチェック！ https://t.co/xClSL7IFxN @amazonより",1.311162304805757e+18
45,2020-09-30 04:30:30,olsinger_yun,"私がプライム会員だから、旦那さんは私のアカウントでよくAmazonを覗くのだけど、閲覧履歴がおかきとビスケットとポテコなの可愛すぎて全部買ってあげたい(笑)

#Amazon 
#雷鳥 
#ビスケット 
#ポテコ https://t.co/rnghMpAeiW",1.3111614759525908e+18
46,2020-09-30 04:33:28,hidesan_tv,"#おすすめ #売れ筋 #ベストセラー #新着 #人気 #ほしい物 #Amazonデバイス #アクセサリ #Amazon #楽天 #楽天ROOM🌈
Amazon の Fire TV Stick 4K - Alexa対応音声認識リモコン付属 を Amazon でチェック！ https://t.co/EsZBeTulhS @amazonより",1.3111622232055603e+18
47,2020-09-30 04:31:42,srihariappu,I played this interesting Quiz on Amazon https://t.co/W4sDNyGI3k #Amazon,1.3111617783788585e+18
48,2020-09-30 04:30:53,rakten_kaden_,"09/30 13:30

象印 IH炊飯器 炊飯器 炊飯ジャー 極め炊き 3
【楽天】13800円
【Amazon】13980円

★楽天で購入すると★
 180円 お得（お得率1％）

↓お得な情報を一覧で確認出来るサイト
https://t.co/kMQYxgL6Rh

#楽天市場 #Amazon #お得 #せどり https://t.co/qFMOCd83sS",1.3111615707900027e+18
49,2020-09-30 04:30:38,creativemm12,"👉https://t.co/Qm6jw7fJYx #amazon👈
💯👉Auto Follower👈💯
💯👉#自動相互フォロー👈💯

#相互RT
#Yankees
#Titans
#White #Sox
#FollowNGain
#TFW
#f4f
#followergenerator
#autofollower
#1000ADay
#followtrick
#相互リツイート",1.3111615066171515e+18
,date,screen_name,tweet,tweet_id
0,2020-09-30 04:24:46,RaheemuddinSid1,"#AmazonSpinandWin 
#AmazonQuiz. 

Day by day. days of life  are going down dont know when the day of death is.I always  WISH  before death. ones in MY life dream come true. By #Amazon https://t.co/dAQH8KebTz",1.3111600337914962e+18
1,2020-09-30 04:25:00,XperienceDope,"Blasting Black Pioneers - 2k thooters right now on Pretty Dope Xperience Radio aka #BlackPandora

listen now and catch a wave!! https://t.co/VqKFopeoex  #nowplaying #np #RT  #NowStreaming #Streema Download Now #Alexa #GooglePlay #iOSAppStore #Amazon #",1.3111600907167867e+18
2,2020-09-30 04:30:01,yuki_nagase,"【コスプレ小物】ベスト10
FayTun 狐面 お面 仮面 狐 半面 鈴付き きつね 和風 仮装 仮面 マスク文化祭 学園祭 夏祭り仮面 舞踏会 手描きお面 イベント パーティー ハロウィーンマスク コスプレ 小物 肝試し (赤A04)
https://t.co/4uB5XYtuHl #Amazon",1.3111613520864133e+18
3,2020-09-30 04:28:04,LWNovels,Read an action-packed #thriller #FREE today with #Amazon #Prime.  Wolfe's CASINO GIRL #Retweet #summer #usa https://t.co/56kBVW3LYF,1.3111608620618506e+18
4,2020-09-30 04:30:08,_marketingpros,"A guide to #Amazon Brand Registry. This covers everything on this topic, including how you can apply and what the benefits are. See how you can benefit from it.

https://t.co/J8uQbsYHhH via @smartminded3
#eCommerce",1.311161382977577e+18
5,2020-09-30 04:24:14,Pizzazz_Books,"Have you seen the new &amp; improved Kindlepreneur Book Description Generator?
😍https://t.co/C33GfHsnpW 

#amazon #ASMSG https://t.co/VBAYOeslq7",1.3111598994439127e+18
6,2020-09-30 04:29:56,hidesan_tv,"#おすすめ #売れ筋 #ベストセラー #YouTube #Webエンジニア #Webマーケティング #Webデザイン  #Amazon #楽天 #楽天ROOM 
上野 学 の オブジェクト指向UIデザイン──使いやすいソフトウェアの原理 (WEB+DB PRESS plusシリーズ) を Amazon でチェック！ https://t.co/EcLmtctFuB @amazonより",1.3111613333001216e+18
7,2020-09-30 04:28:26,DecodnLyfe,Lovecraft Country: A Novel https://t.co/fBhtFeE2kp #Amazon,1.3111609542904054e+18
8,2020-09-30 04:27:27,yumori021001,"スーパーマリオ 3Dコレクション 

【楽天ブックス限定特典：ポストカード（4種セット）】

3つの歴代3Dマリオを1本のソフトに😆

楽天
▷ https://t.co/T8AADJVK4W

amazon
▷ https://t.co/cjzOrmaJwm

#任天堂 #スーパーマリオ
#大人も楽しい #楽天ブックス
#Amazon

ROOM https://t.co/5yJvEo7CiU",1.3111607085207962e+18
9,2020-09-30 04:30:00,Tarrako1162,"🔥CHOLLO! #Amazon | #Ropa

📢Under Armour Ua Tac Patrol Pant Ii - Pantalones Hombre
TALLA 30W / 32L

Disponibles más tallas con rebajas!!!

   ❌ Antes: 85,00€
   🔥 PRECIO OFERTA: 33,31€🔥 -61%
   🔰 Enlace: https://t.co/x5AHpCpP8z https://t.co/L4YgfsYEvF",1.3111613482109174e+18
10,2020-09-30 04:25:40,hidesan_tv,"#おすすめ #売れ筋 #ベストセラー #YouTube #Webエンジニア #Webマーケティング #Webデザイン #Webライティング #プログラミング #動画編集 #Amazon #楽天 #楽天ROOM 
上野 高史 の 沈黙のWebライティング —Webマーケッター ボーンの激闘を Amazon でチェック！ https://t.co/6JZtHnkEg2 @amazonより",1.3111602585936568e+18
11,2020-09-30 04:25:52,rakten_kaden_,"09/30 13:25

フジ医療器 MRL-M1-UG(アーバングレー) 
【楽天】14298円
【Amazon】16234円

★楽天で購入すると★
 1936円 お得（お得率14％）

↓お得な情報を一覧で確認出来るサイト
https://t.co/kMQYxgL6Rh

#楽天市場 #Amazon #お得 #せどり https://t.co/75bhKeNJOe",1.3111603108378542e+18
12,2020-09-30 04:26:02,hidesan_tv,"#おすすめ #売れ筋 #ベストセラー #YouTube #Webエンジニア #Webマーケティング #Webデザイン #Webライティング #プログラミング #動画編集 #Amazon #楽天 #楽天ROOM🌈
Ray の 伝えて動かす！WEBライティングの教科書 を Amazon でチェック！ https://t.co/rZ6560Qg5y @amazonより",1.3111603502475428e+18
13,2020-09-30 04:29:03,hidesan_tv,"#おすすめ #売れ筋 #ベストセラー #YouTube #Webエンジニア #Webマーケティング #Webデザイン #Webライティング  #Amazon #楽天 #楽天ROOM 
星井 博文 の マンガでわかるWebマーケティング 改訂版 Webマーケッター瞳の挑戦! を Amazon でチェック！ https://t.co/Axexvl6tab @amazonより",1.3111611096891515e+18
14,2020-09-30 04:24:29,creativemm12,"&lt;Current Weather&gt;
Chicago
Temperature: 54.86°F/ Status: clouds
👉https://t.co/Lc7uRfjZff #amazon👈
💯👉Auto Follower👈💯
💯👉#自動相互フォロー👈💯

#RT企画
#Yankees
#Titans
#White #Sox
#TFB
#followergenerator
#FollowBack
#フォロバ100パーセント
#相互リツイート",1.3111599599633613e+18
15,2020-09-30 04:29:00,ykswld,ブシロードスリーブコレクション ハイグレ...今売れています！https://t.co/YgXTWLgpb3 #follow #sougo #Amazon #アマゾン,1.311161097584599e+18
16,2020-09-30 04:24:48,Amazon76380486,"https://t.co/3DxQYpR1Ml
#ad
#Amazon",1.3111600406828524e+18
17,2020-09-30 04:28:41,SaraJoh05195047,"Well this flew under the radar! #NSA
#CYBERSECURITY #CivilianInternet 
#KeithAlexander #Amazon
Are you kidding me?  https://t.co/y7eULdU77h",1.311161019062911e+18
18,2020-09-30 04:29:43,ShopSuperSmart,"Want to buy phone under 30000/- Check out the latest price of ONEPLUS series best phone ever
Check out OnePlus Nord 5G (Blue Marble, 8GB RAM, 128GB Storage) by OnePlus https://t.co/jgKIuXQrIS via @amazon @amazonIN #Amazon #AmazonIndia",1.3111612775201178e+18
19,2020-09-30 04:30:06,yuki_nagase,"【コスプレ小物】ベスト10
Identity V 第五人格 ぬいぐるみ 着せ替え 人形 冒険家 アイデンティティV 公式サイトグッズ コスプレ 小物 小道具 人形 プレゼント 萌えグッズ かわいい ハロウィン プレゼント ギフト
https://t.co/vg7rSDUEfp #Amazon",1.3111613741358408e+18
20,2020-09-30 04:28:32,hidesan_tv,"#おすすめ #売れ筋 #ベストセラー #YouTube #Webエンジニア #Webマーケティング #Webデザイン  #Amazon #楽天 #楽天ROOM🌈
上野 高史 の 沈黙のWebマーケティング −Webマーケッター ボーンの逆襲− ディレクターズ・エディション を Amazon でチェック！ https://t.co/Mdl4EaSsmj @amazonより",1.3111609803075052e+18
21,2020-09-30 04:27:04,ouroboros271,#amazon is supporting #rtx3090 scalpers? i bet nikolay was running into crashes every 10min with his gigabyte card https://t.co/q74A8LS9NE,1.3111606111753871e+18
22,2020-09-30 04:29:19,Dodojg,madruga do dota #dota2 #prime #amazon https://t.co/5od6jtmTsZ,1.3111611772679946e+18
23,2020-09-30 04:24:19,sharjah24,"#Amazon unveils payment by hand-waving 
https://t.co/6Brmn6PYyF 
#Sharjah24 https://t.co/QM0chC1Gdx",1.311159919731716e+18
24,2020-09-30 04:24:36,hidesan_tv,"#おすすめ #売れ筋 #ベストセラー #YouTube #Webエンジニア #Webマーケティング #Webデザイン #Webライティング #プログラミング #動画編集 #Amazon #楽天 #楽天ROOM🌈
上野 高史 の 沈黙のWebライティング —Webマーケッター ボーンの激闘を Amazon でチェック！ https://t.co/N3HU0TO7uE @amazonより",1.311159990946685e+18
25,2020-09-30 04:27:09,hidesan_tv,"#おすすめ #売れ筋 #ベストセラー #YouTube #Webエンジニア #Webマーケティング #Webデザイン #Webライティング #プログラミング #動画編集 #Amazon #楽天 #楽天ROOM🌈
星井 博文 の マンガでわかるWebマーケティング シーズン2 を Amazon でチェック！ https://t.co/DhKhjuc4VW @amazonより",1.31116063098069e+18
26,2020-09-30 04:30:05,_marketingpros,"'Because this is the ultimate destination where a purchase happens, the Buy Box is the pure embodiment of your marketing journey.' Explore this hidden gem for #Amazon Sellers ⬇️ #eCommerce @SellerSpikeLLC https://t.co/Ze719Omc9W",1.3111613708895887e+18
27,2020-09-30 04:26:00,Haidji,"Book Quote: ""They were like two parts of the same ..."" Click on  https://t.co/pXIX2MmiOF #fairytale #quoteoftheday #quotes #kindleunlimited #bookquotes #read #ebook #ku  #paperback #amazon  #inspiration #haidji #goodreads #books #read #reading #BookBoost #booklovers https://t.co/wlJJzeTglt",1.31116034138078e+18
28,2020-09-30 04:29:27,saino_nakito,"ソニー ワイヤレスノイズキャンセリングイヤホン WF-1000XM3 : 完全ワイヤレス/ Amazon Alexa搭載 /Blue... https://t.co/Bmk71K4u3Y #Amazon

候補",1.3111612090983506e+18
29,2020-09-30 04:24:26,gaoqiaomeizhi,"加熱されたベスト  4999円  興味ある？😋🌧️
 レビュー募集
希望の方はDMください
#レビュー募集 #レビューアー #レビュー #アマゾンレビュー #無料商品 #無料情報 #無料Amazon #無料 #amazonレビュー募集 #Amazonレビュー #アマゾン #amazonレビュー #Amazon #懸賞 #セラー #フォロー https://t.co/YqkIUk3Kz7",1.3111599467009638e+18
30,2020-09-30 04:24:12,79Mandal,"@amazon #Pradeep #Amazon #Amazonequiz #AmazonSpinandWin
#AmazonSpinandWin
#AmazonSpinandWin https://t.co/9GE4Mqqo8l",1.311159891541721e+18
31,2020-09-30 04:25:21,rloewe65,"Hey @Amazon - Just a question, why is it called Prime Day when it lasts for two days?  Shouldn't it be ""Prime Days""?  That's kind of like Macy's One Day Sale that lasts for three days.  No wonder our kids don't understand math. #PrimeDay #Amazon",1.3111601788810568e+18
32,2020-09-30 04:25:07,SUCCESSTECH6,#Amazon quiz https://t.co/PybzEqmimQ,1.3111601208065024e+18
33,2020-09-30 04:30:11,yuki_nagase,"【コスプレ小物】ベスト10
YanYu 狐面 手描き お面 仮面 狐 半面 ハロウィーン マスク 文化祭 学園祭 夏祭り舞踏会 コスプレ 道具 小物 A12
https://t.co/93TP2fE9uy #Amazon",1.311161396051157e+18
34,2020-09-30 04:27:54,SelkirkSays,"October 13th and 14th! Mark your calendar for Amazon Prime Day 2020 #Amazon
#PrimeDayPhotos @amazonphotos https://t.co/WGsEn9jL17",1.311160820521468e+18
35,2020-09-30 04:26:37,Chrissy_0928,"Click the link for your chance to #WIN a $100 #Amazon #GiftCard!
https://t.co/FW7t5uhygr https://t.co/Zvz8wU8nZs",1.3111604961800356e+18
36,2020-09-30 04:27:24,humanmade_net,"Kasa Smart Dimmer Switch by TP-Link
WiFi Light Switch for LED Lights, Works with Alexa and Google Assistant 
https://t.co/oXIutCETTy 
#smart #smarthome #dimmer #light #lighting #shopping #home #ad #ads #TPLink #GoogleAssistant #Alexa #Amazon #LED #Wifi #electronics",1.3111606956653732e+18
37,2020-09-30 04:24:21,_mis_ter_e_,"Make #Superman LEGO portraits !!!

#dccomics #HenryCavill #christopherreeve #benaffleck #dcfandome #JusticeLeague #JusticeLeagueSnyderCut #JusticeLeagueTheSnyderCut #amazon #kindle #kindlebooks #kindleunlimited #batman
https://t.co/zTZgg0RgVe",1.311159927042388e+18
38,2020-09-30 04:30:03,amazon_rankinQ,"【ポータブルスピーカー】
ZoeeTree bluetooth スピーカー ワイヤレススピーカー IPX7防水 高音質 重低音 大音量 ブルートゥ...
￥4,950
https://t.co/Wx3IDun25Q
#amazon",1.3111613599003976e+18
39,2020-09-30 04:28:46,hari94411,"#AmazonQuiz 
#Amazon 
@AmazonRetweet 
@amazonInQuiz 
@amazonIN https://t.co/qnJ5dYxeY8",1.3111610367252562e+18
40,2020-09-30 04:27:40,citizenservices,Amazon unveils payment by hand-waving. Read more here: https://t.co/4PMZ7JLWTD #GlobalNews #Amazon,1.3111607607860224e+18
41,2020-09-30 04:26:29,hidesan_tv,"#おすすめ #売れ筋 #ベストセラー #YouTube #Webエンジニア #Webマーケティング #Webデザイン #Webライティング #プログラミング #動画編集 #Amazon #楽天 #楽天ROOM🌈
ふくだ たみこ の SEOに強い Webライティング 売れる書き方の成功法則を Amazon でチェック！ https://t.co/htVmSCXC4i @amazonより",1.311160464420741e+18
42,2020-09-30 04:30:00,ShopSuperSmart,"@_radhakrishna13 @TechnicalGuruji Want to buy phone under 30000/- Check out the latest price of ONEPLUS series best phone ever
Check out OnePlus Nord 5G (Blue Marble, 8GB RAM, 128GB Storage) by OnePlus https://t.co/jgKIuXQrIS via @amazon @amazonIN #Amazon #AmazonIndia",1.311161347594285e+18
43,2020-09-30 04:29:56,saino_nakito,"Sennheiser ゼンハイザー Bluetooth 完全ワイヤレスイヤフォン MOMENTUM True Wireless 2,... https://t.co/5uuaUWIdqh #Amazon

欲しい",1.3111613316518134e+18
44,2020-09-30 04:29:38,kakicchysmusic6,https://t.co/MaMFRamliO: Nice Trouble: kakicchysmusic: MP3 Downloads https://t.co/nXg3fYbufI #Amazon #Prime,1.3111612588092826e+18
45,2020-09-30 04:27:56,hidesan_tv,"#おすすめ #売れ筋 #ベストセラー #YouTube #Webエンジニア #Webマーケティング #Webデザイン #Webライティング  #Amazon #楽天 #楽天ROOM🌈
芹澤 連 の 顧客体験マーケティング 顧客の変化を読み解いて「売れる」を再現する（Web担選書） を Amazon でチェック！ https://t.co/VMEA2yvcoP @amazonより",1.3111608299249172e+18
46,2020-09-30 04:30:02,YabRock,The House of Blue Light / #DeepPurple https://t.co/0iKhvSBg3r #HardRock #HeavyMetal #アマゾン #Amazon #AmazonJP,1.3111613572118446e+18
47,2020-09-30 04:25:08,CoolDealCA,"Perfect Outdoor Movie Set-up only $100 🔥

Projector - 
Screens - 

#freebies #deals #deal #moneysaver #greatdeal #steals #discount #sale #bargain #bargainhunter #bargainshopper #cheap #bestprice #Amazon  #Deals #giveaway #Deal #ganga

 https://t.co/Q6VE2NjPwQ https://t.co/lRdDfVX4nj",1.3111601243131617e+18
48,2020-09-30 04:25:00,shadowconn,The Essential Guide to Freelance Writing: H... by Zachary Petit for $9.99 https://t.co/05DIqaWp10 via #amazon,1.3111600896262676e+18
49,2020-09-30 04:28:50,techpastfive,"Bought Echo Dot 3rd Gen? Here's an article to help you set it up in few minutes.

https://t.co/B5xhdb54VL 

#techpastfive #amazon #alexa #tech #echodot https://t.co/UpUDFxkFYe",1.3111610542069842e+18
,date,screen_name,tweet,tweet_id
0,2020-09-30 04:24:07,WorldOfWaylon,#Supernatural action awaits you in APEX PREDATOR! https://t.co/bonviqFwZ3 #Horror #IndieAuthor #Halloween #Amazon #Kindle #Vampire #Zombies #Thriller #Books #Ghosts #Pulp #HalloweenReads,1.3111598697314632e+18
1,2020-09-30 04:18:35,hidesan_tv,"#おすすめ #売れ筋 #ベストセラー #マンガ  #YouTube #ビジネス #投資 #資産運用 #株 #FX #不動産 #副業 #ブログ #アフェリエイト #せどり #転職 #Amazon #楽天 #楽天ROOM🌈
石井彰男 の 不動産投資のお金の残し方 裏教科書 を Amazon でチェック！ https://t.co/FaiVaACad8 @amazonより",1.311158476345766e+18
2,2020-09-30 04:18:57,Kantiku90812242,"I played this interesting Guess and Win on Amazon-Try your luck for a chance to win exciting rewards. https://t.co/dLtqKnTRMy 
#Amazon https://t.co/EBSXvC6n9Q",1.311158567781544e+18
3,2020-09-30 04:18:16,hidesan_tv,"#おすすめ #売れ筋 #ベストセラー #マンガ  #YouTube #ビジネス #投資 #資産運用 #株 #FX #不動産 #副業 #ブログ #アフェリエイト #せどり #転職 #Amazon #楽天 #楽天ROOM🌈
浅井 佐知子 の 世界一やさしい 不動産投資の教科書 1年生 を Amazon でチェック！ https://t.co/J4MeFzj7C4 @amazonより",1.3111583969937244e+18
4,2020-09-30 04:18:03,creativemm12,"#馬油STORE の 大粒 完熟南高梅【上品な甘み 減塩はちみつ 塩分3%】紀州南高梅 高級 梅干し つぶれ梅 低塩 はちみつ味 1kg / 500g×2個 蜂蜜漬け
https://t.co/m4kLBa0Afz
#固定ツイートRT
#sale
#amazon
#Eric #Trump
#David #Attenborough
#車路士",1.311158342446801e+18
5,2020-09-30 04:21:23,hidesan_tv,"#おすすめ #売れ筋 #ベストセラー #マンガ  #YouTube #ビジネス #投資 #資産運用 #株 #FX #不動産 #副業 #ブログ #アフェリエイト #せどり  #Amazon #楽天 #楽天ROOM🌈
小林朋則 の １日１ページ、読むだけで身につく世界の教養３６５ を Amazon でチェック！ https://t.co/AylDThhfop @amazonより",1.311159179793449e+18
6,2020-09-30 04:18:05,XperienceDope,"Blasting Purp Reynolds - Cold Soup right now on Pretty Dope Xperience Radio aka #BlackPandora

listen now and catch a wave!! https://t.co/VqKFopeoex  #nowplaying #np #RT  #NowStreaming #Streema Download Now #Alexa #GooglePlay #iOSAppStore #Amazon #",1.3111583515401257e+18
7,2020-09-30 04:19:26,ChibaZoo,"Amazonほしい物リストでお願いしておりました、ハナグマのラタンボール用の銀ロウ棒二つとフラックスが到着しております。ご寄附いただいた方ありがとうございます。早速準備に取り掛かります。(副)
#千葉市動物公園　#Amazon https://t.co/NbiIWy8dBt",1.3111586893954785e+18
8,2020-09-30 04:20:10,NameisSandeep,"#AmazonQuiz 
#Amazon 
#AmazonInQuiz
#SamsungGalaxyM21
I played this interesting Quiz on Amazon-Play games at Amazon FunZone  https://t.co/nlAxcHdALx https://t.co/r4dZDhswKf",1.311158874813104e+18
9,2020-09-30 04:21:54,Ayaton_youtube,"はてなブログに投稿しました #はてなブログ　＃Amazon ＃プライムビデオ　＃映画　＃ホラー　＃コックピット　＃飛行機　＃アマゾンプライム　＃アマゾンオリジナル　＃あやとん　
コックピットがリアル！　⭐︎2.9 『７５００』Am…
https://t.co/j8A2tbfdCh",1.3111593108444774e+18
10,2020-09-30 04:18:06,rahljoshi,"For a good reach use some random tags 😅.
Don't forget to tag FAANG companies on your post :D
#Developer #Recruitment #Amazon #CodeNewbies #Google #LinkedIn",1.3111583529241682e+18
11,2020-09-30 04:23:29,RaheemuddinSid1,"#AmazonSpinandWin 
#AmazonQuiz. 

Day by day. days of life  are going down dont know when the day of death is.I always  WISH  before death. ones in MY life dream come true. By #Amazon . https://t.co/Zh7KTi6hSr",1.311159709194363e+18
12,2020-09-30 04:20:03,AncapGroup,#Compañía #LLC #Empresa #Emprendedor #Emprendedores #CuentaBancaria #Empresarial #Ecommerce #Amazon #YouTube #PayPal #Trading #Invertir #Inversiones #RealEstate #Propiedades #Privacidad #Servicios #Online #Offshore #ParaísoFiscal #EstadosUnidos #USA #Delaware #AnCapGroup,1.3111588464050831e+18
13,2020-09-30 04:19:33,hidesan_tv,"#おすすめ #売れ筋 #ベストセラー #マンガ  #YouTube #ビジネス #投資 #資産運用 #株 #FX #不動産 #副業 #ブログ #アフェリエイト #せどり #転職 #Amazon #楽天 #楽天ROOM🌈
お金のデザイン の ロボアドバイザーの資産運用革命 を Amazon でチェック！ https://t.co/dG1DJZl9yk @amazonより",1.3111587185877443e+18
14,2020-09-30 04:21:29,XperienceDope,"Blasting Deezo Woods Ft. Kaeyel - Plans right now on Pretty Dope Xperience Radio aka #BlackPandora

listen now and catch a wave!! https://t.co/VqKFopeoex  #nowplaying #np #RT  #NowStreaming #Streema Download Now #Alexa #GooglePlay #iOSAppStore #Amazon #",1.3111592070146826e+18
15,2020-09-30 04:19:28,gaoqiaomeizhi,"レビュー募集 PayPalで返金！興味があれば、DMください #レビュー募集 #レビューアー #レビュー #アマゾンレビュー #無料商品 #無料情報 #無料Amazon #無料 #amazonレビュー募集 #Amazonレビュー #アマゾン
#amazonレビュー #Amazon #セラー #フォフォートナイト https://t.co/IHLkoaBQxx",1.3111587002754294e+18
16,2020-09-30 04:18:06,ps_pride,#Amazon reportedly downplayed rising #injury rates at its warehouses #workplacesafety #workplaceinjuries  https://t.co/L2DTknV6IT,1.3111583551177892e+18
17,2020-09-30 04:20:03,hidesan_tv,"#おすすめ #売れ筋 #ベストセラー #マンガ  #YouTube #ビジネス #投資 #資産運用 #株 #FX #不動産 #副業 #ブログ #アフェリエイト #せどり #転職 #Amazon #楽天 #楽天ROOM🌈
藤井　清美 の 金価格は6倍になる　いますぐ金を買いなさい を Amazon でチェック！ https://t.co/sPdW0fcZz1 @amazonより",1.3111588431879332e+18
18,2020-09-30 04:17:19,Hamigaki,300円スマートウォッチとても気に入ってるけどいつ壊れるかわからんからまた注文しちゃったんだけど注文してからもっと安いの発見しちゃった https://t.co/rGCSJvotH1 #Amazon,1.3111581590382305e+18
19,2020-09-30 04:19:05,yoshiki7111,"衣装もそうです」と語り、#スペインの番組に出た際には、「『君の洋服のブランドは ...
リンク：https://t.co/AgZqqKSGHN
タ　グ：#スペイン #ニュース #だい #スペイン #ブランド #君 #洋服 #番組 #衣装 #際 #Ａｍａｚｏｎ",1.3111586032779796e+18
20,2020-09-30 04:18:08,BlakeShermeto,"Last Chance! Would you like to win a $50 Amazon Gift Card or PayPal Deposit? Check out this easy entry Gleam giveaway for a chance to #WIN

Open Worldwide

@GooseGiveaways #wingiftcard #wincash #amazon #paypal #winmoney #sweepstakes #giveaways https://t.co/NUHg82R5Z4",1.3111583646136934e+18
21,2020-09-30 04:20:33,gaoqiaomeizhi,"レビュー不要
ご興味がございましたら、ご遠慮なくご連絡してください。

  #アマゾンレビュー #アマゾン #amazon #レビューア #アマゾンレビュー募集 #レビュー #無料商品  #Amazonレビュー募集  #レビューア #アマゾンレビュー募集 #レビュー #無料商品  #Amazonレビュー募集 https://t.co/6WAmQ4BN7E",1.3111589720537293e+18
22,2020-09-30 04:18:11,AmitKum06638390,"OnePlus Bullets Wireless Z in-Ear Bluetooth Earphones with Mic (Black) https://t.co/9esGIz0iRV via @YouTube 
#Amazon #AmazonDeals #AmazonGreatIndianFestival #AmazonPrimeDay #AmitMishra #earphone #MIC #OnePlus #OnePlusWorld #dealership #bestoffer #Bestseller #amazondevices",1.311158377024635e+18
23,2020-09-30 04:20:48,hidesan_tv,"#おすすめ #売れ筋 #ベストセラー #マンガ  #YouTube #ビジネス #投資 #資産運用 #株 #FX #不動産 #副業  #Amazon #楽天 #楽天ROOM🌈
午堂 登紀雄 の 損切りしない！テクニカル分析を使わない！　オキテ破りのFX投資で月50万円稼ぐ！ を Amazon でチェック！ https://t.co/nMLjNYicsw @amazonより",1.3111590318939095e+18
24,2020-09-30 04:23:13,hidesan_tv,"#おすすめ #売れ筋 #ベストセラー #YouTube #Webエンジニア #Webマーケティング #Webデザイン #Webライティング #プログラミング #動画編集 #Amazon #楽天 #楽天ROOM🌈
内藤賢司 の Webエンジニアの教科書 を Amazon でチェック！ https://t.co/x2RDpM7euE @amazonより",1.311159642156798e+18
25,2020-09-30 04:20:34,ErikRL,"I buy a part to fix my oven. Now @amazon thinks it's my new hobby, they only a suggested 50-60 oven parts to me today.

#Amazon #ovenrepair #ovensfixed #notahobby",1.3111589735469957e+18
26,2020-09-30 04:20:29,kuwaroto,"Amazon問い合わせたら今日午前が明日午前配達と勝手に変更されてる😡
朝から荷物は配達店にあるのにね…
もう何度目だろう😥
#Amazon",1.3111589532758303e+18
27,2020-09-30 04:17:14,hidesan_tv,"#おすすめ #売れ筋 #ベストセラー  #不動産  #Amazon #楽天 #楽天ROOM🌈
鈴木 宏史 の 初心者から経験者まですべての段階で差がつく!不動産投資 最強の教科書――投資家100人に聞いた!不動産投資をはじめる前に知りたかった100の疑問と答え を Amazon でチェック！ https://t.co/2gdwOFBxaG @amazonより",1.3111581351936246e+18
28,2020-09-30 04:20:52,rakten_kaden_,"09/30 13:20

【アウトレット】フィリップス ソニッケアー ダイヤ
【楽天】15950円
【Amazon】17100円

★楽天で購入すると★
 1150円 お得（お得率7％）

↓お得な情報を一覧で確認出来るサイト
https://t.co/kMQYxgL6Rh

#楽天市場 #Amazon #お得 #せどり https://t.co/8gLSMEafDE",1.3111590508059976e+18
29,2020-09-30 04:17:55,hidesan_tv,"#おすすめ #売れ筋 #ベストセラー #マンガ  #YouTube #株 #FX #不動産  #Amazon #楽天 #楽天ROOM🌈
澁谷 賢一 の 公認会計士・税理士が教える「東京」×「中古」×「1R」不動産投資の始め方 ーー資産運用に不動産が適切な理由がわかる! を Amazon でチェック！ https://t.co/Z01JNDVMVd @amazonより",1.3111583070552556e+18
30,2020-09-30 04:18:33,Designcreateall,どんな風に自分の命を使うかであり、判断の基本になるのは人生観。まあ例えていうと、「たかが書斎、されど書斎」であってね。その人の生き方が、そういうところ（書斎を持つ年齢）にも現れるんです。（新井満） #amazon #design #brand,1.311158469131563e+18
31,2020-09-03 18:26:48,LenovoLegion,"Lenovo Legion x @PlayApex
Now is your chance to rise above the rest. 
Unmatched performance, purposeful engineering, modern design.
Gear up with a machine as savage as you are.
Stylish outside.
Savage inside.",1.301587465258578e+18
32,2020-09-30 04:23:38,FranciscoNoroe4,"Filmes : Borat 2 está confirmado pela Amazon ..

https://t.co/wIylj7BP7z

#portalgatonoticias 
#Borat2 
#Amazon https://t.co/BUOFNe97Qo",1.311159748608299e+18
33,2020-09-30 04:21:53,hidesan_tv,"#おすすめ #売れ筋 #ベストセラー #マンガ  #YouTube #ビジネス #投資 #資産運用 #株 #FX #不動産 #副業 #ブログ #アフェリエイト #せどり  #Amazon #楽天 #楽天ROOM🌈
泉　美智子 の 節約・貯蓄・投資の前に　今さら聞けないお金の超基本 を Amazon でチェック！ https://t.co/oMuB0TNBrW @amazonより",1.3111593071451054e+18
34,2020-09-30 04:19:12,hidesan_tv,"#おすすめ #売れ筋 #ベストセラー #マンガ  #YouTube #ビジネス #投資 #資産運用 #株 #FX #不動産 #副業 #ブログ #アフェリエイト #せどり #転職 #Amazon #楽天 #楽天ROOM🌈
株式会社CoinOtaku の 超ど素人がはじめる仮想通貨投資 を Amazon でチェック！ https://t.co/yBPU53pdIm @amazonより",1.3111586292574945e+18
35,2020-09-30 04:22:47,hidesan_tv,"#おすすめ #売れ筋 #ベストセラー #YouTube #Webエンジニア #Webマーケティング #Webデザイン #Webライティング #プログラミング #動画編集 #Amazon #楽天 #楽天ROOM🌈
北村拓也 の 独学で身につけるためのプログラミング学習術: Ver.5 を Amazon でチェック！ https://t.co/ZHJ8jG2GSp @amazonより",1.311159533914321e+18
36,2020-09-30 04:18:38,gaoqiaomeizhi,"レビュー募集 PayPalで返金！興味があれば、DMください #レビュー募集 #レビューアー #レビュー #アマゾンレビュー #無料商品 #無料情報 #無料Amazon #無料 #amazonレビュー募集 #Amazonレビュー #アマゾン
#amazonレビュー #Amazon #セラー #フォートナイト募集 https://t.co/6W2ZLjegnt",1.311158488819589e+18
37,2020-09-30 04:23:52,FinservMARKETS,"Good Morning Tweeps, the #contest is still LIVE till 6PM, today. So, participate now and stand a chance to win #Amazon voucher :) 

Multiple entries allowed! https://t.co/LYVYUQ9tVN",1.31115980569267e+18
38,2020-09-30 04:22:06,SolTaylorRdL,"¿DÓNDE DESCANSAN LAS ALMAS? 

El detective Worth ha sido ascendido y solicita la ayuda de Ethan Bush. El agente del FBI regresa a Kansas y enfrenta sus peores pesadillas...

#kindle &gt;&gt;&gt; https://t.co/eFgJEf7xl5

@merylaso 

#KindleUnlimited #thriller #NovelaNegra #suspense #amazon https://t.co/QaJ923OJZK",1.3111593623884022e+18
39,2020-09-30 04:18:53,shaula1652,"@HarukiKai0628 それだけいれば十分です！
自分は自分が幸せだと、これが正しい道だ、未来だと思う方に進んでいくのみだと思ってやってます！
いろんな奴に裏でいろいろ誹謗中傷されようが！

Amazonほしい物リストを一緒に編集しましょう https://t.co/GacQEPscBc #Amazon",1.3111585527617823e+18
40,2020-09-30 04:16:28,wan_BBS,"いまは心に休息を与えたい
#Amazon #アマゾン #欲しいものリスト #欲しい物リスト @misakism13 @shin_999999 @tadano_hikaru

Amazon ほしい物リスト
https://t.co/nR6Rwfv8uy",1.311157944138883e+18
41,2020-09-30 04:20:19,MiLOKMAT,"#Flipkart, #Amazon मध्ये बंपर भरती! फेस्टिव्ह सीजनमध्ये ई-कॉमर्स कंपन्या देणार ३ लाख लोकांना नोकर्‍या https://t.co/ePM7VjFQpf",1.311158911118893e+18
42,2020-09-30 04:19:00,gaoqiaomeizhi,"レビュー募集 PayPalで返金！興味があれば、DMください #レビュー募集 #レビューアー #レビュー #アマゾンレビュー #無料商品 #無料情報 #無料Amazon #無料 #amazonレビュー募集 #Amazonレビュー #アマゾン
#amazonレビュー #Amazon #セラー #フォートナイト https://t.co/SFLWEMagCv",1.3111585790265672e+18
43,2020-09-30 04:19:01,BEST300BOT,ウェーバー／歌劇《魔弾の射手》　【第５位】⇒https://t.co/qRFw5iFvng #amazon #bot 【第３位】カイルベルト指揮ベルリンpo〈58〉⇒https://t.co/0BL8zePPnI,1.3111585837409198e+18
44,2020-09-30 04:20:00,Haidji,"Book Quote: ""The opposite of death isn't life.  It's life."" Click on  https://t.co/pf8geXnrCh #life #quoteoftheday #quotes #kindleunlimited #bookquotes #read #ebook #ku  #paperback #amazon  #inspiration #haidji #goodreads #books #read #reading #BookBoost https://t.co/Hwp1LYRNLf",1.3111588314523075e+18
45,2020-09-30 04:21:04,earlgrayMK,"#Amazon 酷すぎて萎えるわ…
6月に予約した商品、予約したにも関わらず在庫不足のためキャンセルされましたとかありえるんか😭😭😭
返金はされるらしいけど気持ち的には詐欺だよね
発売元 アマゾンジャパン合同会社ってことはAmazon自体も関わってる会社よね？
もうAmazonでは予約注文するのやめよう https://t.co/vTeJdxDJ5i",1.3111591027398943e+18
46,2020-09-30 04:21:54,RaheemuddinSid1,"#AmazonQuiz. 

Day by day. days of life  are going down dont know when the day of death is.I always  WISH  before death. ones in MY life dream come true. By #Amazon https://t.co/S44k0idVz8",1.3111593108486717e+18
47,2020-09-30 04:22:10,vannwbrown,"A little advice from your friends at BullSnot!  Don’t ever hire a new driver without giving them a simple test of hooking up to a trailer and backing into your docks. BullSnot!, ‘Great Products for Real People!’ and available on Amazon. #bullsnot #amazon #humpday @luvtruckers https://t.co/wcgH0U3Tac",1.3111593773662618e+18
48,2020-09-30 04:24:03,MoreBargain,"Fleet Pedia-Lax Glycerin Suppositories 12 Each 1.94
Price drop
#ad #amazon #laxative #tablets #glycerin #Pediatrics 
#PriceDrop #Debate2020 #trump #deals 

https://t.co/4XopnJKoeA",1.3111598507103027e+18
,date,screen_name,tweet,tweet_id
0,2020-09-30 04:13:16,magu529,"いまは心に休息を与えたい
#Amazon #アマゾン #欲しいものリスト #欲しい物リスト @misakism13 @shin_999999 @tadano_hikaru

Amazon ほしい物リスト
https://t.co/MEAYJCdDkf",1.3111571389289718e+18
1,2020-09-30 04:12:11,hidesan_tv,"#おすすめ #売れ筋 #ベストセラー #マンガ  #YouTube #ビジネス #投資 #資産運用 #株 #FX #ブログ #アフェリエイト #せどり #転職 #Amazon #楽天 #楽天ROOM🌈
クラスター長谷川 の もっと 世界一やさしい Amazonせどりの教科書 1年生 を Amazon でチェック！ https://t.co/IhW2GFdZnI @amazonより",1.3111568649822167e+18
2,2020-09-30 04:10:48,breland_joseph,"@CBSEveningNews
@ABC @NBCNews @cnnbrk @foxandfriends @wjxt4
@FCN2go @ActionNewsJax @WJCTNews @WOKVNews

BLACK ON BLACK HOMICIDE AT #JACKSONVILLE  #AMAZON #WAREHOUSE

https://t.co/YYuepUgZS3",1.311156515374588e+18
3,2020-09-30 04:15:15,hidesan_tv,"#おすすめ #売れ筋 #ベストセラー #マンガ  #YouTube #ビジネス #投資 #資産運用 #株 #FX #不動産 #副業 #ブログ #アフェリエイト #せどり #転職 #Amazon #楽天 #楽天ROOM🌈
ジョン･シュウギョウ の 世界一やさしい 株の教科書 1年生 を Amazon でチェック！ https://t.co/SxRxy0j8aw @amazonより",1.3111576371746324e+18
4,2020-09-30 04:07:04,kimura_books,笑かしてくれて、感動もさせてくれて語彙の勉強にもなる、素晴らしい作家、森見登美彦 https://t.co/y7Y4lMEtiJ #books #amazon,1.3111555787821507e+18
5,2020-09-30 04:13:19,ShopSuperSmart,"@Rohit52724548 @Micromax__India plz check the link if you want to buy new phone and get best price only on amazon
Check out Micromax Canvas 6 Pro (Black) by Micromax https://t.co/Xz3wvVnWrm via @amazon @amazonIN #Amazon #AmazonIndia",1.3111571496706253e+18
6,2020-09-30 04:08:52,LiamTheo,"There's a NEW AMAZON ECHO! It looks pretty amazing! How bad do you want to buy this!?
#amazon #amazonecho
 https://t.co/LeJ56ChmSs via @amazon",1.3111560304543252e+18
7,2020-09-30 04:08:50,dm_iwashi,"冷静になった。わたしはこのXSが欲しかったので(店頭になかった)ポストカードは諦めてこれだけポチりました☺️画像保存して密やかに楽しみますゆえ、9日組の皆様、ファイ!!!!!!!!!!!!!!!!!!!!!!!!!!!!!!!!!

[ニューバランス] ロングスリーブTシャツ AMT03522 メンズ https://t.co/tCrgagrvnG #Amazon",1.311156023592276e+18
8,2020-09-30 04:11:06,CoolDealCA,"💲💰
Razor MX650 Dirt Rocket Electr...
Reduced from $730.50 to $542.09

# #Deals #new #Deals #Amazon  #Deal #ganga

 https://t.co/i5a5cF0x6R https://t.co/5RCvve9pLF",1.3111565942358385e+18
9,2020-09-30 04:15:24,momoxpiyopiyo,"【私が幸せになる物】

https://t.co/uuXsIOV6MT

#Amazon #欲しいものリスト",1.311157676173222e+18
10,2020-09-30 04:14:21,hh07270727,"娘の1歳の誕生日にティピーテント買ってあげようと思ってたんだけど、待ちきれずに今日ポチっちゃった。

キッズテント 子供用ティピーテント おもちゃハウス 簡単に組立 ポータブル 100%コットン製 秘密基地 お誕生日・クリスマスプ... https://t.co/OEOdGS2AIH #Amazon",1.3111574116845978e+18
11,2020-09-30 04:09:03,Kantiku90812242,"I played this interesting Quiz on Amazon-Play games at Amazon FunZone  https://t.co/9iLzjsmzpS 
 #AmazonQuiz
#Amazon https://t.co/xLbuqHSNlS",1.3111560768180388e+18
12,2020-09-30 04:08:42,kondo_190,"3ヶ月使っても100円というお得なキャンペーンが始まってます！
秋晴れの日々に素敵な音楽を添えてみませんか？

#Amazon
#AmazonMusicUnlimited
#アマゾンミュージックアンリミテッド https://t.co/8yG30wJMMd",1.311155987772928e+18
13,2020-09-30 04:11:41,hidesan_tv,"#おすすめ #売れ筋 #ベストセラー #マンガ  #YouTube #ビジネス #投資 #ブログ #アフェリエイト #せどり #転職 #Amazon #楽天 #楽天ROOM🌈
中山　駿太 の せどりのいろは: 楽天仕入れ、アマゾン転売で、ほぼノーリスクハイリターン！ を Amazon でチェック！ https://t.co/U0bCKh6cqM @amazonより",1.3111567383100252e+18
14,2020-09-30 04:15:08,CoolDealCA,"Mpow EG3 Pro #Gaming #Headset for $23.99!! 🔥

#freebies #deals #deal #moneysaver #greatdeal #steals #discount #sale #bargain #bargainhunter #bargainshopper #cheap #bestprice #Amazon  #Deals #giveaway #Deal #ganga

 https://t.co/YKW8lP7HhD https://t.co/civ7jtHUrA",1.3111576081375928e+18
15,2020-09-30 04:15:01,CloudChangelog,Amazon Textract supports customer S3 buckets https://t.co/MDwcTuN8kg #AWS #Amazon,1.3111575805348168e+18
16,2020-09-30 04:10:00,ieEntertainment,"The #Borat sequel is reportedly titled Borat: Gift of Pornographic Monkey to Vice Premiere Mikhael Pence to Make Benefit Recently Diminished Nation of Kazakhstan 

#Amazon

https://t.co/8fvWlm9hH5",1.3111563147232911e+18
17,2020-09-30 04:16:27,saikuro0526,"MC xiaomi Xiaomi MiBand4 スマートウォッチ bluetooth5.0 シャオミ スマートカラースクリーン... https://t.co/l1BMi5zSI4 #Amazon
結局これ買いそう",1.3111579412910285e+18
18,2020-09-30 04:11:26,dilam77,#amazon launches new payment method | https://t.co/msz9ha6XIa,1.311156678797267e+18
19,2020-09-30 04:10:39,mabosan_02,"あはははははははははははははははははははははははははははははははははは🤣

#懸賞　#ギフト　#Amazon  #プレゼント https://t.co/MjXh4VZBc0",1.311156478988804e+18
20,2020-09-30 04:14:33,ttgdaria,"If you are wanting to feel kind to a stranger my baby is due in 11 weeks ! Thanks 😊 

Check out my Amazon Baby Registry! https://t.co/3Cpz5DCr46 #Amazon",1.3111574606237164e+18
21,2020-09-30 04:07:41,XperienceDope,"Blasting JustPierre - Waiting On You Ft. Daniel Breland right now on Pretty Dope Xperience Radio aka #BlackPandora

listen now and catch a wave!! https://t.co/VqKFopeoex  #nowplaying #np #RT  #NowStreaming #Streema Download Now #Alexa #GooglePlay #iOSAppStore #Amazon #",1.3111557317192172e+18
22,2020-09-30 04:11:00,TheInStockRoom,"***New Deal***
Razor MX650 Dirt Rocket Electr...
Reduced from $730.50 to $542.09
https://t.co/RqWEQ00zHi
#Deals #newDeals #Amazon https://t.co/3eAVjlRtqc",1.3111565694181417e+18
23,2020-09-30 04:15:52,rakten_kaden_,"09/30 13:15

三菱　MITSUBISHI　布団乾燥機　AD‐X8
【楽天】15970円
【Amazon】17200円

★楽天で購入すると★
 1230円 お得（お得率8％）

↓お得な情報を一覧で確認出来るサイト
https://t.co/kMQYxgL6Rh

#楽天市場 #Amazon #お得 #せどり https://t.co/OqA1Y4rNji",1.3111577907322184e+18
24,2020-09-30 04:15:37,hidesan_tv,"#おすすめ #売れ筋 #ベストセラー #マンガ  #YouTube #ビジネス #投資 #資産運用 #株 #FX #不動産 #副業 #ブログ #アフェリエイト #せどり #転職 #Amazon #楽天 #楽天ROOM🌈
弐億 貯男 の 10万円から始める！ 割安成長株で２億円 を Amazon でチェック！ https://t.co/bifbKVF30E @amazonより",1.3111577292227748e+18
25,2020-09-30 04:12:12,XperienceDope,"Blasting Cassow - OPPs right now on Pretty Dope Xperience Radio aka #BlackPandora

listen now and catch a wave!! https://t.co/VqKFopeoex  #nowplaying #np #RT  #NowStreaming #Streema Download Now #Alexa #GooglePlay #iOSAppStore #Amazon #",1.3111568698729226e+18
26,2020-09-30 04:11:45,AmaArrival,"【スイッチ入荷】 Switch Lite イエロー 保護フィルム セット

店舗：Amazon .co.jp 
販売価格 23,606円 
https://t.co/UYqgtRtyY8 

在庫確認できた方はいいね♡ 
買えたらコメント待ってます！ 
確認日時：2020/09/30-13:11.44
#Amazon #NintendoSwitch #スイッチライト #在庫 #入荷 #販売 https://t.co/yI5OHJtYGc",1.3111567582119977e+18
27,2020-09-30 04:08:48,hidesan_tv,"#おすすめ #売れ筋 #ベストセラー #マンガ  #YouTube #ブログ #アフェリエイト #せどり #転職 #Amazon #楽天 #楽天ROOM🌈
川端 美帆 の アフィリエイトで稼ぐ１年目の教科書―これから始める人が必ず知りたい７０の疑問と答え を Amazon でチェック！ https://t.co/uQVGFOiPRP @amazonより",1.3111560159838044e+18
28,2020-09-30 04:12:00,GoodreturnsTa,"தீபாவளி பண்டிகைக்காக ரூ.1,125 கோடி முதலீடு செய்யும் அமேசான்.. சபாஷ் சரியான போட்டி..! https://t.co/VHSOY1miZ5 #relianceindustries #amazon",1.311156819293741e+18
29,2020-09-30 04:11:09,hidesan_tv,"#おすすめ #売れ筋 #ベストセラー #マンガ  #YouTube #ブログ #アフェリエイト #せどり #転職 #Amazon #楽天 #楽天ROOM🌈
中村 裕紀 の Amazon国内メーカー直取引完全ガイド (せどり、転売はもう古い！ 初めてでも、個人でもできる) を Amazon でチェック！ https://t.co/KAo3eOWQDG @amazonより",1.3111566040126546e+18
30,2020-09-30 04:15:36,Harish95227330,#Amazon Daily Quiz https://t.co/VIP27cSQYH,1.3111577241098895e+18
31,2020-09-30 04:14:03,hidesan_tv,"#おすすめ #売れ筋 #ベストセラー #マンガ  #YouTube #ビジネス #投資 #資産運用 #株 #FX #不動産 #副業 #ブログ #アフェリエイト #せどり #転職 #Amazon #楽天 #楽天ROOM🌈
バフェット太郎 の バカでも稼げる 「米国株」高配当投資 を Amazon でチェック！ https://t.co/Arkztjkzh1 @amazonより",1.3111573336999526e+18
32,2020-09-30 04:07:49,hidesan_tv,"#おすすめ #売れ筋 #ベストセラー #マンガ  #YouTube #ビジネス #投資 #資産運用 #株 #FX #不動産 #副業 #ブログ #アフェリエイト #せどり #転職 #Amazon #楽天 #楽天ROOM🌈
染谷昌利 の Google AdSense マネタイズの教科書［完全版］ を Amazon でチェック！ https://t.co/lwOgPxqMak @amazonより",1.3111557681717453e+18
33,2020-09-30 04:08:10,hidesan_tv,"#おすすめ #売れ筋 #ベストセラー #マンガ  #YouTube #ビジネス #投資 #資産運用 #株 #FX #不動産 #副業 #ブログ #アフェリエイト #せどり #転職 #Amazon #楽天 #楽天ROOM🌈
竹内亮介 の いちばん儲かる！ Amazon輸入ビジネスの極意 を Amazon でチェック！ https://t.co/pneCOwbmGK @amazonより",1.311155856646443e+18
34,2020-09-30 04:12:33,hidesan_tv,"#おすすめ #売れ筋 #ベストセラー #マンガ  #YouTube #ビジネス #投資 #資産運用 #株 #FX #不動産 #副業 #ブログ #アフェリエイト #せどり #転職 #Amazon #楽天 #楽天ROOM🌈
フジップリン の せどりで＜ガッチリ稼ぐ！＞ コレだけ！技 を Amazon でチェック！ https://t.co/HDl6xrSmW1 @amazonより",1.3111569572820664e+18
35,2020-09-30 04:10:43,EaTheRichhhhhhh,"Jeff Bezos just made $4,475,885 #Amazon #Bezos #Eattherich",1.3111564963029975e+18
36,2020-09-30 04:11:52,Tarrako1162,"🔥CHOLLO! #Amazon | #Ropa

📢Wrangler SS Rainbow tee Camiseta para Hombre

   ❌ Antes: 34,95€
   🔥 PRECIO OFERTA: 16,00€🔥 -54%
   🔰 Enlace: https://t.co/QgbihEBj3y https://t.co/gMRCb2CvMN",1.311156785634513e+18
37,2020-09-30 04:12:38,ShopSuperSmart,Check out Micromax Canvas 6 Pro (Black) by Micromax https://t.co/Xz3wvVnWrm via @amazon @amazonIN #Amazon #AmazonIndia,1.3111569795622134e+18
38,2020-09-30 04:15:09,Ahoxa10,中国はチベットからパンダを盗んだ (講談社＋α新書) https://t.co/g2qSu42Eaq #Amazon,1.3111576107169587e+18
39,2020-09-30 04:07:26,hidesan_tv,"#おすすめ #売れ筋 #ベストセラー #マンガ  #YouTube #ビジネス #投資 #資産運用 #株 #FX #不動産 #ブログ #アフェリエイト  #Amazon #楽天 #楽天ROOM🌈
染谷 昌利 の 今日からはじめて、月１０万円稼ぐ　アフィリエイトブログ入門講座 を Amazon でチェック！ https://t.co/FTyivJyiiW @amazonより",1.3111556707380593e+18
40,2020-09-30 04:12:12,SolTaylorRdL,"¿DÓNDE DESCANSAN LAS ALMAS? 

El detective Worth ha sido ascendido y solicita la ayuda de Ethan Bush. El agente del FBI regresa a Kansas y enfrenta sus peores pesadillas...

#kindle &gt;&gt;&gt; https://t.co/eFgJEf7xl5

@merylaso 

#KindleUnlimited #thriller #NovelaNegra #suspense #amazon https://t.co/eMgAz7f4FD",1.3111568690340168e+18
41,2020-09-30 04:14:38,Harish95227330,#Amazon Spin and win https://t.co/FDwoeqlcfI,1.3111574833652613e+18
42,2020-09-30 04:10:09,CoolDealCA,"Gorilla Grip Original Oversized Cutting Board 3-Pack only $17.89!! (Retail: $39.99) 🔥

#freebies #deals #deal #moneysaver #greatdeal #steals #discount #sale #bargain #bargainhunter #bargainshopper #cheap #bestprice #Amazon  #Deals #giveaway #Deal #ganga

 https://t.co/84o7QnDl9f https://t.co/ZSordZh0iY",1.3111563518680433e+18
43,2020-09-30 04:08:30,sougo_review,"Amazonでは評価の高いレビュアーの中から、新商品のサンプルを無料で配布しレビューを書いてもらう「Amazon Vine」という招待制の制度がある。

#Amazon Vine #レビュー #アマゾン #副業 #アマゾンレビュー #amazonレビュー #レビュー募集 #レビューアー #レビュー募集",1.311155936791208e+18
44,2020-09-30 04:10:51,rakten_kaden_,"09/30 13:10

ルンバ890 iRobot ロボット掃除機 アイロ
【楽天】35152円
【Amazon】39000円

★楽天で購入すると★
 3848円 お得（お得率11％）

↓お得な情報を一覧で確認出来るサイト
https://t.co/kMQYxgL6Rh

#楽天市場 #Amazon #お得 #せどり https://t.co/cbPNCyL2Vz",1.3111565306542735e+18
45,2020-09-30 04:15:07,blogosum,"#Amazon for travellers: QOGiR Neoprene Travel Duffel Bag with Elastic Shoe

 https://t.co/KeHVqCufaF

 #amazondeals #deals #gadgets #travel #giftguide #gift #giftidea #baggage #luggage #flight #holiday #vacation #bag #airport https://t.co/S3yIyoU8zO",1.3111576038258483e+18
46,2020-09-30 04:10:38,Freddj2,It's day 1. Going back to the gym for the first time in a long time it seems. #lafitness #amazon,1.3111564739179643e+18
47,2020-09-30 04:09:02,obu_emon,"メルカリ なんかでたまに、「Amazonでは○○○円です！」みたいなの書く人いるけど、それって「言い値」であって「相場」じゃないよね。
　
知らない子に、言い値を相場と勘違いさせてお安く見せて、誤購入させようとしているのだろうなぁって。
　
#参考価格
#メルカリ 
#Amazon",1.311156072724349e+18
48,2020-09-30 04:14:49,hidesan_tv,"#おすすめ #売れ筋 #ベストセラー #マンガ  #YouTube #株 #FX #不動産 #副業 #ブログ #アフェリエイト #せどり #転職 #Amazon #楽天 #楽天ROOM🌈
たりたり社長 の 今だからこそ始める！本気で稼ぐ株式投資の教科書【電子特典付き】 を Amazon でチェック！ https://t.co/WF03TWjYhb @amazonより",1.3111575264113582e+18
49,2020-09-30 04:12:24,shaula1652,"@HarukiKai0628 俺も後者で未来や希望を語る人になりたい！いや、なる！絶対！

Amazonほしい物リストを一緒に編集しましょう https://t.co/GacQEPscBc #Amazon",1.3111569189083791e+18
,date,screen_name,tweet,tweet_id
0,2020-09-30 04:02:47,hidesan_tv,"#おすすめ #売れ筋 #ベストセラー #マンガ  #YouTube #ビジネス #投資 #資産運用 #株 #FX #不動産 #副業 #ブログ #アフェリエイト  #Amazon #楽天 #楽天ROOM🌈
加藤　真澄 の 【2020年最新】世界一やさしい『バレない副業』の教科書 を Amazon でチェック！ https://t.co/A0ClgDpBvx @amazonより",1.3111544991766774e+18
1,2020-09-30 04:02:35,Kantiku90812242,"#AmazonQuiz
#Amazon
Entry Done https://t.co/z3OKwjUXza",1.3111544511770624e+18
2,2020-09-30 04:02:03,MomsChoiceAward,"🎃 Bring your #DIY skills to life in our #Kids/ #Family #Halloween #Costume Contest! Enter your spookiest, silliest and most creative costume ideas to show off your talent and for a chance to win a $250 #Amazon Gift Card! Enter 👉🏼 https://t.co/1HELyoede0 https://t.co/l0Pe5Hf6E3",1.3111543140696392e+18
3,2020-09-30 04:02:16,hidesan_tv,"#おすすめ #売れ筋 #ベストセラー #マンガ  #YouTube #ビジネス #投資 #資産運用 #副業 #ブログ  #Amazon #楽天 #楽天ROOM🌈
イケダハヤト の 【永久保存版】全18種類！ サラリーマンがはじめて副業するときに 必ず読む本 (イケハヤ書房) を Amazon でチェック！ https://t.co/hbcwAEKtqw @amazonより",1.3111543705416172e+18
4,2020-09-30 04:01:54,TCGCardSearch,"#Pokemon Furious Fists (XY3) Booster BOX [36 Packs] #Amazon #US #TCG #TradingCardGame #TCGCardSearch
🔗 https://t.co/lfXMjihIsh *",1.3111542759475528e+18
5,2020-09-30 04:06:18,catnap707,"2020/09/30 06:37 ごろ。パーソナルトレーナーブログで確認
#Amazon #Phishing 

◆件名
Amazonプライムの自動更新設定を解除いたしました！番号：ランダムな数字

◆リンク
hxxp://amazonoss[.]buzz/

◆IP
160.153.249[.]220 👨 https://t.co/T3aCwfVbXd",1.3111553828285071e+18
6,2020-09-30 04:05:14,FreedomPopRadiO,"#AMAZON’S #ALEXA #SPYINGTOOL NOW BEING INSTALLED IN “#SMARTFAUCETS AND #TOILETS THAT LISTEN TO ALL YOUR #CONVERSATIONS
#GlitchNews

https://t.co/iCkkT6oUju

Listen to #fpr on #TuneInRadio via https://t.co/hAKWjXJJZ3",1.311155118079914e+18
7,2020-09-30 04:05:01,BhaktBrahmchari,"सुप्रभात.....

#धर्मिकपुस्तक #विल्वफलअमृतफल #महात्माकर्ण #मतवालीमीरा #prabhudattbrahmchari #भागवतचरित #भागवतीकथा #प्रभुदत्तब्रह्मचारी #प्रभुदत्त #मीरा #Meera  #हिंदू #हिन्दू #hindu #hinduism #चैतन्यचारितावली #दुर्गासप्तशती #कायाकल्प #कयाकल्पचिकित्सा #भागवत #रामायण #Amazon https://t.co/eCLqEH93Ps",1.3111550637678019e+18
8,2020-09-30 04:04:27,hidesan_tv,"#おすすめ #売れ筋 #ベストセラー #マンガ  #YouTube #ビジネス #投資 #資産運用 #株 #FX #不動産 #副業 #ブログ #アフェリエイト #せどり  #Amazon #楽天 #楽天ROOM🌈
小川善太郎 の ブログの書き方講座: 個人ブログ月間100万PVの手法 を Amazon でチェック！ https://t.co/panf5NEREA @amazonより",1.3111549203939e+18
9,2020-09-30 04:04:56,hidesan_tv,"#おすすめ #売れ筋 #ベストセラー #マンガ  #YouTube #ビジネス #投資 #資産運用 #株 #FX #不動産 #副業 #ブログ #アフェリエイト  #Amazon #楽天 #楽天ROOM🌈
かん吉 の ゼロから学べるブログ運営×集客×マネタイズ 人気ブロガー養成講座 を Amazon でチェック！ https://t.co/LIDhC4Ii2E @amazonより",1.3111550398644593e+18
10,2020-09-30 04:05:10,mahipat_kher,"@Flipkart I don't think ready to solve issue or listening to there #consumer... My 2nd #issue with flipkart.. Dear Flipkart partner try to work yourself don't tell to do us technical work....

😂 #network
#volume #fraud #techinical #amazon #onlineshopping
09624730009
07048466626",1.3111551010175304e+18
11,2020-09-30 04:06:50,re111mi,"伊藤久右衛門の抹茶パフェアイスバーの通販一覧！お得に購入出来るクーポン情報🍨
#スイーツ #お取り寄せ #ZIP #マツコの知らない世界 #楽天市場 #Amazon #京都 #おすすめ

https://t.co/UmqhmY2K6x",1.3111555206281257e+18
12,2020-09-30 04:03:54,bdunn0926,"IMAGINE WITH ME by @Handbagjunkie is NOW LIVE!! DOWNLOAD today on ALL platforms!!
#AMAZON. https://t.co/cHhry3xG4B
#BLITZ. https://t.co/bl4MQi0n9b
#kristenproby #withmeinseattle #imaginewithme #enemiestolovers #FamilySaga #Enemiestolovers #Officeromance @valentine_pr_ https://t.co/KlucTdkKNE",1.3111547813611438e+18
13,2020-09-30 04:02:00,bdunn0926,"RIFTS AND REFRAINS by @devneyperry is now LIVE!! DOWNLOAD today on all platforms!!
#AMAZON. https://t.co/fkiFaMyQ8d
#BLITZ. https://t.co/yGSWskiyjr
#DevneyPerry #WomensFiction #ChildhoodSweethearts #RockstarRomance #SingleParent #Secondchance #Smalltown @valentine_pr_ https://t.co/jKYBuhBmfs",1.3111543006561976e+18
14,2020-09-30 04:05:48,kana_ogawa,"【エアガン】ベスト10
東京マルイ No.17 M92Fミリタリー 10歳以上エアーHOPハンドガン
https://t.co/pVfBquJ7NA #Amazon",1.3111552573222666e+18
15,2020-09-30 04:06:33,byLilyV,"Get #IT #CERTIFIED 
One lesson, four #AWS certificates!
Enrol https://t.co/MTTCw6V3Vu
#cloudcomputing #amazon #cloud #certification https://t.co/IGasDvV2G0",1.3111554468462838e+18
16,2020-09-30 04:05:27,kana_ogawa,"【エアガン】ベスト10
東京マルイ No.1 G18C フルオート 10歳以上電動ブローバック
https://t.co/wj6L7fKzQS #Amazon",1.311155169275515e+18
17,2020-09-30 04:05:51,rakten_kaden_,"09/30 13:05

洗濯機 5.5kg 簡易乾燥機能付 全自動洗濯機 
【楽天】21800円
【Amazon】22018円

★楽天で購入すると★
 218円 お得（お得率1％）

↓お得な情報を一覧で確認出来るサイト
https://t.co/kMQYxgL6Rh

#楽天市場 #Amazon #お得 #せどり https://t.co/nV74vSnJP8",1.3111552705972634e+18
18,2020-09-30 04:04:40,XperienceDope,"Blasting TYuS - Everyday's gonna rain  right now on Pretty Dope Xperience Radio aka #BlackPandora

listen now and catch a wave!! https://t.co/VqKFopeoex  #nowplaying #np #RT  #NowStreaming #Streema Download Now #Alexa #GooglePlay #iOSAppStore #Amazon #",1.311154973267366e+18
19,2020-09-30 04:05:56,hidesan_tv,"#おすすめ #売れ筋 #ベストセラー #マンガ  #ブログ #アフェリエイト  #Amazon #楽天 #楽天ROOM🌈
染谷 昌利 の アフィリエイトで夢を叶えた元OLブロガーが教える　本気で稼げるアフィリエイトブログ　収益･集客が1.5倍UPするプロの技79 を Amazon でチェック！ https://t.co/rZDMMygGuJ @amazonより",1.3111552936491581e+18
20,2020-09-30 04:06:11,yuuchannyayo,"拡散ーー！！！

#デュオゲリラ
#デュオゲリラ
#デュオゲリラ14時
#賞金ルーム
#Amazon https://t.co/gzKZxY7aXF",1.3111553567650202e+18
21,2020-09-30 04:05:27,ayaren,"Amazonの置き配は時間指定遅れてもコッソリ置いていって謝罪すらしないというシステムなんだろｗ
#amazon #amazonprime",1.311155170781274e+18
22,2020-09-30 04:01:31,hidesan_tv,"#おすすめ #売れ筋 #ベストセラー #マンガ  #YouTube #ビジネス #投資 #資産運用 #株 #FX #不動産 #副業  #Amazon #楽天 #楽天ROOM🌈
晋遊舎 の 100％ムックシリーズ 完全ガイドシリーズ298　副業完全ガイド (１００％ムックシリーズ) を Amazon でチェック！ https://t.co/kS1W56SQm8 @amazonより",1.3111541804264038e+18
23,2020-09-03 18:26:48,LenovoLegion,"Lenovo Legion x @PlayApex
Now is your chance to rise above the rest. 
Unmatched performance, purposeful engineering, modern design.
Gear up with a machine as savage as you are.
Stylish outside.
Savage inside.",1.301587465258578e+18
24,2020-09-30 04:03:06,amzn_deals_us,https://t.co/BLhGyIfo78 Hiasan Waterproof Checkered Tablecloth for Dining and Outdoor Pinic #Amazon #Deal https://t.co/GSOJQxuEdF,1.3111545782352364e+18
25,2020-09-30 04:05:32,kana_ogawa,"【エアガン】ベスト10
東京マルイ コルトパイソン .357マグナム 6インチ ステンレスモデル 10歳以上エアーHOPリボルバー
https://t.co/eGaqmeIjRQ #Amazon",1.3111551911487693e+18
26,2020-09-30 04:02:09,amzn_deals_us,"https://t.co/7yU6YNJdzS NuLink Electric Portable Dual Nozzle Balloon Blower Pump Inflation for Decoration, Party, Sport [110V~120V, 600W, Rose Red] #Amazon #Deal https://t.co/B5LCjLUq52",1.311154339059204e+18
27,2020-09-30 04:04:02,creativemm12,"👉https://t.co/YzBqsUornG  #amazon👈
💯👉Auto Follower👈💯
💯👉#自動相互フォロー👈💯

#TFW
#Yankees
#Titans
#White #Sox
#拡散希望RTお願いします
#相互リツイート
#followermachine
#固定RT
#1000ADay
#TeamFollowBack
#followtrick
#followergenerator",1.3111548134894428e+18
28,2020-09-30 04:04:11,kimono365,僕のAmazonアカウントは、毎日のように「一時的にロックされています」みたいです！ロックだぜ！ #amazon #アカウント #一時的にロック #ロック,1.311154850747482e+18
29,2020-09-30 04:06:21,creativemm12,"👉https://t.co/eotC3WrKZQ #amazon👈
💯👉Auto Follower👈💯
💯👉#自動相互フォロー👈💯

#相互RT
#Astros
#Titans
#Hillary #Clinton
#拡散希望RTお願いします
#followtrick
#RT企画
#1000ADay
#followergenerator
#TFW
#bts
#seventeen",1.311155397990912e+18
30,2020-09-30 04:05:00,kana_ogawa,"【エアガン】ベスト10
東京マルイ No.08 KP85 HG 18歳以上エアーHOPハンドガン
https://t.co/LIFIN1IPrR #Amazon",1.3111550596741612e+18
31,2020-09-30 04:05:06,kana_ogawa,"【エアガン】ベスト10
ベルソス(VERSOS) VERSOS エアーガンセット Colt1911モデル ＆ M4 R.I.Sモデル [ VS-C-M4 ] / M4モデル コルトモデル エアーガンキット エアガン サバイバルゲーム サバゲー アウトドア ブラック
https://t.co/qe6n6sMLjA #Amazon",1.3111550816019825e+18
32,2020-09-30 04:05:04,Kassfinol,"Pueden adquirirlo en cualquier portal de #Amazon #papel y #kindle en:

https://t.co/gBj7LNzZNh 

#gratis #kindleunlimited #romance #paranormal#romanceparanormal #escritoraromanceparanormal #romanceparanormalenespañol https://t.co/Rjjdad9V9M",1.311155072588542e+18
33,2020-09-30 04:03:25,cycle_okb,Amazon出品中。AirMac Expressベースステーション（802.11n Wi-Fi対応モデル）MC414J/A Amazon最安値更新中!! 限定1点 https://t.co/b4kbX4Ku93 #amazon #apple #Mac,1.3111546572935496e+18
34,2020-09-30 04:05:16,kana_ogawa,"【エアガン】ベスト10
ダブルイーグル 予備マガジン付き1/1スケールコルトM4A1 RISバージョン高性能アサルトライフル 電動ガン ドットサイト搭載モデルM83エアガン
https://t.co/FtpFZpLA6U #Amazon",1.3111551255707935e+18
35,2020-09-30 04:05:42,kana_ogawa,"【エアガン】ベスト10
TRUSCO(トラスコ) 樹脂製エアダスターガン プラグタイプ 標準ノズル TD-50
https://t.co/owKbx0aoyv #Amazon",1.3111552352812237e+18
36,2020-09-30 04:05:37,QuickShopDeals,"***Great Deal***Low Price***
LG OLED48CXPUB Alexa built-in CX-48 4k smart  OLED tv 2020
*TV COMPATIBLE WITH PS5 and XBOX SERIES X 
Price$1,496.99 +$47.00 off coupon
https://t.co/9fAweLXKvI
#amazon #amazondeals #deals #sale #save #savings #shop #tv https://t.co/MJDGJkfvQE",1.3111552130431508e+18
37,2020-09-30 04:03:59,hidesan_tv,"#おすすめ #売れ筋 #ベストセラー #マンガ  #YouTube #ビジネス #投資 #資産運用 #株 #FX #不動産 #副業 #ブログ #アフェリエイト #せどり  #Amazon #楽天 #楽天ROOM🌈
小川善太郎 の ブログの書き方講座: 個人ブログ月間100万PVの手法 を Amazon でチェック！ https://t.co/ObV5OowmCK @amazonより",1.3111548039390126e+18
38,2020-09-30 04:04:53,Ramzana60115643,@amazon #ramzanansari #amazon pay later quiz https://t.co/uq6hUw6Xvu,1.3111550278813327e+18
39,2020-09-30 04:04:09,amzn_ofertas,"MONITOR GAMING QLED 49'' COM TELA ULTRA-PLANA DE 32: 9, por SAMSUNG via #Amazon

🛒 https://t.co/H5RE85lJrj
#Odysseyg9 #OdysseyG7
https://t.co/H5RE85lJrj",1.3111548446533018e+18
40,2020-09-30 04:03:03,AuthorOSanchez,"Your swords do that screaming thing.
They wail.
Yeah sure, whatever...and that's why you're Banshee.
https://t.co/SpmmiJ6qTg
#amazon #paranormal #99cents #humor https://t.co/lyJQEx9OFq",1.3111545651112182e+18
41,2020-09-30 04:05:21,kana_ogawa,"【エアガン】ベスト10
[SIG SAUER][SIG AIR/SIG１][MPX/P226 PDW and Pistol Kit]
https://t.co/8m3Q7EB3Fd #Amazon",1.3111551474315018e+18
42,2020-09-30 04:05:37,kana_ogawa,"【エアガン】ベスト10
ZERO Basic 生分解性バイオBB弾 0.20g 5000発入 1kg
https://t.co/JBIA579mG6 #Amazon",1.3111552130346476e+18
43,2020-09-30 04:03:34,hidesan_tv,"#おすすめ #売れ筋 #ベストセラー #マンガ  #YouTube #ビジネス #投資 #資産運用 #株 #FX #不動産 #副業 #ブログ #アフェリエイト #せどり #転職 #Amazon #楽天 #楽天ROOM🌈
染谷 昌利 の ブログ飯 個性を収入に変える生き方 を Amazon でチェック！ https://t.co/PqC5ytTH27 @amazonより",1.3111546970261545e+18
44,2020-09-30 04:03:08,starkumud,"@FinservMARKETS Hope to win

 #Unlock #contest #Amazon 

@FinservMARKETS",1.3111545877394063e+18
45,2020-09-30 04:06:55,bot_bot365,"Prime Student会員　今なら6ヶ月無料！！
特典１　お急ぎ便が使い放題の無料
特典２　Prime Video、Musicが使える！！
↓
https://t.co/q6xn5Mexkx

＃amazon",1.3111555391250514e+18
46,2020-09-30 04:03:03,HRS5758D,"#お客様がamazonアカウントを使用して外部アクセスを検出します

という意味不明なSNSメッセージが来たので文面と発信元で検索したら

フィッシング詐欺らしい、

というか　#amazon　アカウント持ってないし",1.3111545654214943e+18
47,2020-09-30 04:01:49,moemoe_fxxk,"わし、プライム会員じゃないし今週何も買ってないぞ！

なんぞコレは…

詐欺メールかえ？

#Amazon https://t.co/9YPgUV1Ufy",1.3111542554918584e+18
48,2020-09-30 04:01:42,naopoo_3,"#PS5 #プレイステーション5 #転売 #買います #売ります
#Amazon #楽天ブックス #ヨドバシカメラ #ノジマオンライン #ヤマダ電機
保証を受ける際、販売店の押印、ネット購入は納品書・注文履歴の詳細(名前・住所記載)が必要になるから個人売買やめとけ！年末まで待てば買える！
https://t.co/AcxLKevcu4",1.3111542282581934e+18
49,2020-09-30 04:01:28,Liangweiwei7,"レビュー募集しています🌸
応募方法：フォロー/RT/コメント
返金方法：PayPal、Paypay、LINE Pay、Amazonギフト券など。
ご興味がございましたら、ご遠慮なくご連絡してください。
#アマゾンレビュー #アマゾン #amazon #レビューア #アマゾンレビュー募集 #レビュー #無料商品  #Amazonレビュー募集 https://t.co/vyEKZ5C5ZL",1.311154167654744e+18
,date,screen_name,tweet,tweet_id
0,2020-09-30 04:01:15,NuvoleBellezza,Lista Nascita #Amazon #Bambini #Lifestyle https://t.co/goNhdFJvur https://t.co/EEyL22FtZP,1.311154113816793e+18
1,2020-09-30 04:00:11,yuki_nagase,"【萌えグッズ】ベスト10
鬼滅の刃 鬼殺隊 クッションカバー多種類のデザインの抱き枕カバー コットン おしゃれ 両面 少女 綺麗 お宅 萌えグッズ かわいい スギフト
https://t.co/tfAqRMjO3z #Amazon",1.3111538461990543e+18
2,2020-09-30 04:01:05,MomenSasami,"洗濯槽快 2個+ネット入り https://t.co/eS6tx0BMkO #Amazon
今日のライブで話してた洗濯槽用ホタテパウダー。
洗剤柔軟剤+これ一つで部屋干し臭を防げちまう優れもんなんだ！",1.3111540734841897e+18
3,2020-09-30 03:58:22,kabuto_btc,"Amazonプライムデー2020でポイントを最大限もらう方法

https://t.co/jIR2Eq9mhF

#Amazon #Amazonプライムデー #Amazonギフト券 #プライムデー",1.311153387363119e+18
4,2020-09-30 04:00:34,Angel461356363,"★★★  ホットアイマスク  
スマートウォッチ 最新版  
星5レビュー
#Amazon
#レビュー 
#アマゾン 
#アマゾンレビュー 
#amazonレビュー 
#レビュー募集 
#レビューアー https://t.co/TxE3ydkYNJ",1.3111539419382292e+18
5,2020-09-30 04:00:25,shinchaku,【発売日：2020/09/17】彼女、お借りします（１７） (週刊少年マガジンコミックス)  https://t.co/9cv7G1OdXY #amazon,1.3111539038456832e+18
6,2020-09-30 04:00:04,ETRetail,ETRetail | E-commerce companies to create 3 lakh jobs this festive season: RedSeer #ECommerce #Amazon #Hiring #SnapDeal #Flipkart #FestiveSeason #DailyShipments #Sales https://t.co/1MJ4rNyKvd,1.3111538168053391e+18
7,2020-09-30 04:00:48,yuki_nagase,"【萌えグッズ】ベスト10
名探偵コナン ステッカー 赤井(ハイカラデフォルメ)
https://t.co/GYfL6iPFVJ #Amazon",1.3111539997147423e+18
8,2020-09-30 03:57:10,hidesan_tv,"#おすすめ #売れ筋 #ベストセラー #マンガ  #YouTube #ビジネス #投資 #資産運用 #株 #FX #不動産 #副業 #ブログ  #Amazon #楽天 #楽天ROOM🌈
大橋弘祐 の 図解・最新　難しいことはわかりませんが、お金の増やし方を教えてください！ を Amazon でチェック！ https://t.co/6tnkfl8iok @amazonより",1.311153085096444e+18
9,2020-09-30 04:00:32,shinchaku,【発売日：2020/08/06】脱マウス最速仕事術――年間１２０時間の時短を実現した５０のテクニック  https://t.co/eYPzDCbHs0 #amazon,1.311153933587546e+18
10,2020-09-30 04:00:29,shinchaku,【発売日：2020/09/18】マスカレード・ナイト (集英社文庫)  https://t.co/HYGXqBlcNS #amazon,1.3111539218098422e+18
11,2020-09-30 04:00:16,yuki_nagase,"【萌えグッズ】ベスト10
となりの吸血鬼さん 描き下ろし 抱き枕イラスト第二弾 A4クリアファイルセット
https://t.co/mlpAXpphTe #Amazon",1.3111538680514191e+18
12,2020-09-30 03:58:11,Sahilkrsingh4,#Amazon,1.3111533420940452e+18
13,2020-09-30 04:00:06,yuki_nagase,"【萌えグッズ】ベスト10
Identity V 第五人格 アクリルスタンドシリーズ アイデンティティV 公式 サイトグッズ コスプレ 小物 小道具 人形 プレゼント 萌えグッズ かわいい (赤ずきん)
https://t.co/eGv1zJ9EsJ #Amazon",1.311153824283857e+18
14,2020-09-30 04:00:01,yuki_nagase,"【萌えグッズ】ベスト10
Identity V 第五人格 ぬいぐるみ 着せ替え 人形 冒険家 アイデンティティV 公式サイトグッズ コスプレ 小物 小道具 人形 プレゼント 萌えグッズ かわいい ハロウィン プレゼント ギフト
https://t.co/vg7rSDUEfp #Amazon",1.3111538018946621e+18
15,2020-09-30 03:56:36,hidesan_tv,"#おすすめ #売れ筋 #ベストセラー #マンガ  #YouTube #ビジネス #投資 #資産運用 #株 #FX #不動産 #副業 #ブログ #Amazon #楽天 #楽天ROOM🌈
大橋弘祐 の 漫画 バビロン大富豪の教え　「お金」と「幸せ」を生み出す五つの黄金法則 を Amazon でチェック！ https://t.co/o2WJ6IxqoS @amazonより",1.3111529447172588e+18
16,2020-09-30 04:00:27,yuki_nagase,"【萌えグッズ】ベスト10
キーホルダー 炭治郎 禰豆子 伊之助 我妻 善逸 義勇 キーチェーン イベント 日常 コスチューム道具 萌えグッズ アニメバッグ 携帯 鍵 自動車 飾り グッズ (B)
https://t.co/DYCmsY7Q03 #Amazon",1.3111539120076472e+18
17,2020-09-30 04:00:24,shinchaku,【発売日：2020/09/09】わたしの幸せな結婚 2巻通常版【デジタル版限定特典付き】 (デジタル版ガンガンコミックスONLINE)  https://t.co/7cOhxVMQSO #amazon,1.3111538993367613e+18
18,2020-09-30 04:00:35,hidesan_tv,"#おすすめ #売れ筋 #ベストセラー #マンガ  #YouTube #ビジネス #投資 #資産運用 #株 #FX #不動産 #副業 #ブログ #アフェリエイト #せどり  #Amazon #楽天 #楽天ROOM🌈
泉正人 の お金をとことん増やしたい人のための　「資産運用」超入門 を Amazon でチェック！ https://t.co/8VsAFdNFLj @amazonより",1.311153944802947e+18
19,2020-09-30 03:59:28,XperienceDope,"Blasting Money Matt - GO HARD right now on Pretty Dope Xperience Radio aka #BlackPandora

listen now and catch a wave!! https://t.co/VqKFopeoex  #nowplaying #np #RT  #NowStreaming #Streema Download Now #Alexa #GooglePlay #iOSAppStore #Amazon #",1.3111536652737372e+18
20,2020-09-30 03:59:06,820x331,"アメブロを投稿しました。
『【Amazon】食器用洗剤が30%OFF！！』
#アメブロ #専業主婦 #Amazon #アマゾン #お得情報 #ポイ活 #主婦 #
 https://t.co/wR31ChIp5E",1.3111535744542802e+18
21,2020-09-30 04:00:37,yuki_nagase,"【萌えグッズ】ベスト10
鬼滅の刃 枕カバーぬいぐるみ両面印刷 キャラクター抱き枕を描 かわいい萌え商品 毛布団の枕 快適である コスプレ かわいい二次元グッズプレゼント (栗花落 カナヲ)
https://t.co/WvDYEpOXO1 #Amazon",1.311153955754238e+18
22,2020-09-30 04:00:09,hidesan_tv,"#おすすめ #売れ筋 #ベストセラー #マンガ  #YouTube #ビジネス #投資 #資産運用 #株 #FX #不動産 #副業  #Amazon #楽天 #楽天ROOM🌈
勝盛政治 の ファンドのプロと考える初めての資産運用　人生100年時代の投信活用術 を Amazon でチェック！ https://t.co/56IEs06SGP @amazonより",1.3111538381418332e+18
23,2020-09-30 04:01:11,Sikendr37606019,#Amazon #Nikon one question was very easy! i am very happy for give answer #AmazonSpinandWin https://t.co/riCfaoDRLP,1.311154099207852e+18
24,2020-09-30 04:00:43,yuki_nagase,"【萌えグッズ】ベスト10
鬼滅の刃 抱き枕 クッション まくら きめつのやいば ぬいぐるみ 真菰 まこも キャラクター 両面プリント コスプレ 小道具 萌えグッズ プレゼント ギフト かわいい 40CM
https://t.co/Eh82nmCmU0 #Amazon",1.3111539777953874e+18
25,2020-09-30 04:00:28,shinchaku,【発売日：2020/09/10】本好きの下剋上~司書になるためには手段を選んでいられません~第五部「女神の化身III」  https://t.co/TWajXN8ykd #amazon,1.31115391832866e+18
26,2020-09-30 04:00:00,BuyDiscounts,"Your personal #Amazon page. Go check out!!

https://t.co/5hINOr9Kmb",1.3111537994241638e+18
27,2020-09-30 04:00:27,shinchaku,【発売日：2020/09/12】スライム倒して300年、知らないうちにレベルMAXになってました 7巻 (デジタル版ガンガンコミックスONLINE)  https://t.co/jGR4XETKq0 #amazon,1.3111539122972508e+18
28,2020-09-30 04:00:26,shinchaku,【発売日：2020/09/18】私の百合はお仕事です！: 7【カラーイラスト特典付】 (百合姫コミックス)  https://t.co/N9ZcXPPPtu #amazon,1.3111539077840896e+18
29,2020-09-30 03:55:50,rakten_kaden_,"09/30 12:55

【送料無料】 パナソニック ヘアードライヤー ナノ
【楽天】14100円
【Amazon】14300円

★楽天で購入すると★
 200円 お得（お得率1％）

↓お得な情報を一覧で確認出来るサイト
https://t.co/kMQYxgL6Rh

#楽天市場 #Amazon #お得 #せどり https://t.co/zBUigARhrr",1.311152750487466e+18
30,2020-09-30 03:56:05,jobsforher,"@InsideAmazon's exclusive virtual Meet and Greet for women in Finance in Hyderabad is here!

They are hiring for multiple Finance roles in Hyderabad. Apply today and get shortlisted for their online Meet and Greet on October 9th.

Register here: https://t.co/QYhz36XM2f

#Amazon https://t.co/Lb0DfBJ5kG",1.3111528157130383e+18
31,2020-09-30 03:55:38,hidesan_tv,"#おすすめ #売れ筋 #ベストセラー #マンガ  #YouTube #ビジネス #投資 #資産運用 #株 #FX #不動産 #副業  #Amazon #楽天 #楽天ROOM 
貫井佳子 の 投資で一番大切な20の教え　賢い投資家になるための隠れた常識 (日本経済新聞出版) を Amazon でチェック！ https://t.co/pXYXbEN4ti @amazonより",1.3111526996944855e+18
32,2020-09-30 04:01:20,CoolDealCA,"💲💰
Elk Lighting 42141/1-LED 1 Lig...
Reduced from $507.00 to $186.17

# #Deals #new #Deals #Amazon  #Deal #ganga

 https://t.co/uYrzN7lSev https://t.co/sQ30oEvgqa",1.3111541358452654e+18
33,2020-09-30 04:00:23,shinchaku,【発売日：2020/09/09】進撃の巨人（３２） (週刊少年マガジンコミックス)  https://t.co/2uY7xqcdWY #amazon,1.3111538959604572e+18
34,2020-09-30 04:00:29,shinchaku,【発売日：2020/09/26】【電子版】コンプエース 2020年11月号 [雑誌]  https://t.co/wsKcskOl92 #amazon,1.311153919586906e+18
35,2020-09-30 04:00:31,shinchaku,【発売日：2020/09/25】億を稼ぐ積み上げ力  https://t.co/1DyoDKX4rE #amazon,1.3111539294225408e+18
36,2020-09-30 03:58:22,best_deals_US,"You gotta peep this one:
Coleman Tie-Style Mantle, 4-Pack

Offer price: $2.84 (43% OFF!)
Retail: $4.99

https://t.co/TW7cDy8odq

#FOLLOW #Amazon #HumpDay https://t.co/DADn09m10T",1.3111533871073526e+18
37,2020-09-30 04:00:32,yuki_nagase,"【萌えグッズ】ベスト10
名探偵コナン ステッカー 沖矢(ハイカラデフォルメ)
https://t.co/ydREP98cvj #Amazon",1.3111539338515702e+18
38,2020-09-30 03:56:01,arulman98327734,#Amazon Fun Zone I played this interesting Guess and Win on Amazon-Try your luck for a chance to win exciting rewards. https://t.co/QP0kfXZ0zz,1.3111527968260997e+18
39,2020-09-30 03:58:15,creativemm12,"&lt;Current Weather&gt;
Boston
Temperature: 71.58°F/ Status: clouds
👉https://t.co/lcy3ejvHZq #amazon👈
💯👉Auto Follower👈💯
💯👉#自動相互フォロー👈💯

#autofollower
#Astros
#Eric #Trump
#White #Sox
#TeamFollowBack
#autofollower
#1000ADay
#FollowNGain
#TFW
#相互",1.3111533590977536e+18
40,2020-09-30 04:01:14,TheInStockRoom,"***New Deal***
Elk Lighting 42141/1-LED 1 Lig...
Reduced from $507.00 to $186.17
https://t.co/H207lFFbY4
#Deals #newDeals #Amazon https://t.co/yyESydKAhj",1.3111541091736863e+18
41,2020-09-30 04:00:50,rakten_kaden_,"09/30 13:00

洗濯機 6kg アイリスオーヤマ 全自動洗濯機 ス
【楽天】22800円
【Amazon】25980円

★楽天で購入すると★
 3180円 お得（お得率14％）

↓お得な情報を一覧で確認出来るサイト
https://t.co/kMQYxgL6Rh

#楽天市場 #Amazon #お得 #せどり https://t.co/x8vRn7QUBu",1.3111540105193021e+18
42,2020-09-30 04:00:45,SubEdamame,"Amazon で注文受付中です。
【指定医薬部外品】手ピカジェルプラス 300ml(消毒)
https://t.co/5V0rYOPG8i
#アマサー #Amazon",1.311153988788654e+18
43,2020-09-30 04:00:25,Kassfinol,"Pueden adquirirlo en cualquier portal de #Amazon #papel y #kindle en:

https://t.co/4u8h7ZuCR4 

#gratis #kindleunlimited #romance #paranormal#romanceparanormal #escritoraromanceparanormal #romanceparanormalenespañol https://t.co/TXgYAyhx9v",1.3111539033675284e+18
44,2020-09-30 04:00:27,shinchaku,【発売日：2020/09/16】世界のお金持ちが実践するお金の増やし方  https://t.co/IM98xHMyAK #amazon,1.311153911139631e+18
45,2020-09-30 03:59:00,okanenotsubo,"【🎁プレミアム企画🎁】
\Amazonギフト券5000円分/

★応募方法★
フォロー&amp;リツイート

★締め切り★
9/30

リプライで当選率アップ！

過去のプレゼント実績はいいね欄から
サイト登録等は🈚

 #Amazonギフト券  #プレゼント企画  #懸賞 ⁠  #プレ企画 #アマギフ #Amazon #ギフト券 https://t.co/aYt7eFHXl4",1.311153546566529e+18
46,2020-09-30 04:00:33,shinchaku,【発売日：2020/09/25】ラララ 9巻 (デジタル版ヤングガンガンコミックス)  https://t.co/40Y2JktBHL #amazon,1.3111539357517496e+18
47,2020-09-30 04:00:22,yuki_nagase,"【萌えグッズ】ベスト10
ゆるキャン 志摩 リン しま リン 抱き枕カバー スムースニット R18禁 160x50cm アニメ キャラクターグッズ ゲーム 等身大 限定版 両面 エロ萌えグッズ
https://t.co/CfSukvtB37 #Amazon",1.3111538900337623e+18
48,2020-09-30 04:00:28,shinchaku,【発売日：2020/09/26】２９歳独身は異世界で自由に生きた……かった。　（３） (角川コミックス・エース)  https://t.co/oit1enPhTB #amazon,1.3111539167306506e+18
49,2020-09-30 04:00:23,dealnarwhal,Shun Cutlery Premier 6.5” Utility Knife; In-Between Sized Knife for In-Between Sized Tasks $134.95 https://t.co/fRzeQBR4V7 at #Amazon https://t.co/2NlgMJrezA,1.3111538948363715e+18
,date,screen_name,tweet,tweet_id
0,2020-09-30 03:52:26,Mkt4eCommerce,"Así es #Amazon One, el nuevo sistema del gigante del retail para que pagues ¡escaneando tu mano!
https://t.co/B4W3NFbeeH",1.3111518933816033e+18
1,2020-09-30 03:45:56,fortnitepapa,"お昼休みだー

フォートナイトでプライベートになってないフレンドって招待してもいいのか悩んじゃうの私だけ？

#Fortnite
#フォートナイト
#エンジョイ勢
#ps5            
#ps4
#Amazon
#欲しい物リスト
#建築バトル
#フォロバ100
＃ゲーム
#フォートナイトおじさん",1.311150260232708e+18
2,2020-09-30 03:53:30,i_shubhangi_,"24 days back I had interviewed @HrishiSuslade regarding his interview experience with #Amazon and #Google. Today I stand here with one such experience in my own plate.

I have grown as a person. Literally. And the feeling is ineffable.",1.3111521657343427e+18
3,2020-09-30 03:46:37,Chaital61465942,"Chaitali Dutta @Chaital61465942
#Amazon prediction GussandWin https://t.co/vdjrHIqtaD",1.3111504301900677e+18
4,2020-09-30 03:42:26,freedomyouger,"転売で稼ぎたい人必見!!

無料でAmazonの商品を仕入れることができるそうです。

詳細はこちら↓
https://t.co/oa5mtlhaav …

#Amazon 
#転売 
#仕入れ 
#せどり
#0円 
#無料",1.3111493797937684e+18
5,2020-09-30 03:43:56,QuickShopDeals,"***Great Deal***Low Price***
Columbia Women's Arcadia II Rain Jacket
Reg$90.00 to $44.95*Free ship*
https://t.co/Sy3Q7Kf7sM
#amazon #amazondeals #deals #sale #save #savings #Shop https://t.co/n8lOa2Bio7",1.311149757222576e+18
6,2020-09-30 03:45:14,AndFasion,"Dickies Men's Regular-Fit 5-Pocket Jean
•3 colours available 
#Amazon #Bestseller #jean #men #mensfashion #menstyle #menswear #outfits #style #pant #stylish 

Link: https://t.co/WU3AsgZAmB https://t.co/aVOFnIVUfC",1.3111500839796367e+18
7,2020-09-30 03:53:53,411wrestling,"Two big television series are beginning production again in New Zealand, namely Lord of the Rings and Cowboy Bebop. #LordOfTheRings #CowboyBebop #Amazon #Netflix https://t.co/HqGJlQVf3s https://t.co/O6HNGWeASl",1.3111522597036114e+18
8,2020-09-30 03:51:16,creativemm12,"#Heshare の Heshare 自転車 防犯ブザー バイク 盗難防止 グッズ 車 セキュリティアラーム 振動アラーム 113dB 大音量 自転車/自動車/自宅/ドア/窓 防犯対策
https://t.co/OmI30LpRGD
#固定RT
#온라인셀러
#amazon
#Titans
#Rebekah #Vardy
#派對房間",1.3111516032488899e+18
9,2020-09-30 03:42:31,Praveen22166975,#Amazon daily quiz #Win Samsung galaxy today https://t.co/zQOIV4Chfy,1.3111493986848727e+18
10,2020-09-30 03:54:00,Haidji,"Book Quote: ""Sometimes she liked to be a little bit..."" Click on  https://t.co/dtJDiKIzzd #crazy #mad #quoteoftheday #quotes  #bookquotes #read #ebook #ku  #paperback #amazon  #inspiration #haidji #goodreads #books #read #reading #BookBoost #book https://t.co/nPWvXJ9LzE",1.3111522883634094e+18
11,2020-09-30 03:46:00,Haidji,Watch  this #bookquote #challenge on #tiktok - Click on  https://t.co/Kv4ClO3B0N    #quoteoftheday  #books #quotes #bookquotechallenge  #tiktokquotes #Haidji #booklover #bookstagram #dailyquote #booktok #amazon #quote #reading #booklove  #tiktokchallenge  #tiktok #read #BookBoost,1.3111502750427996e+18
12,2020-09-30 03:50:10,Marjorie7777,The trending product that I will be trying out in 72 hours is… #meditime #cosmeceutical #dermacosmetic #amazon  https://t.co/1Zp5aFbklB https://t.co/2u3AC5k9MR,1.3111513248812524e+18
13,2020-09-30 03:43:47,burukuma_com,"amazon2020年9月のタイムセールを速報 https://t.co/QWzZxfBDg3 

#amazon
#アマゾン
#アマゾンプライム 
#タイムセール 
#ニュース速報 
#ポイント
#キャンペーン 
#PS4
#PS5
ブルクマドットコムでは
#Yahooショッピング や
#楽天市場
のキャンペーンも速報😊
#Yahooニュース

フォロー下さい",1.3111497183579587e+18
14,2020-09-30 03:50:49,rakten_kaden_,"09/30 12:50

【入荷予定あり 9月27日頃】象印 NW-VH10
【楽天】16398円
【Amazon】24800円

★楽天で購入すると★
 8402円 お得（お得率51％）

↓お得な情報を一覧で確認出来るサイト
https://t.co/kMQYxgL6Rh

#楽天市場 #Amazon #お得 #せどり https://t.co/Oetqxe90f6",1.3111514904346583e+18
15,2020-09-30 03:44:07,ElizabethCombs0,"Join me on Likewise and get personalized daily picks for TV, movies, books, podcasts, and more. You in?
https://t.co/riKlpL812V
#referrals #follobackforfolloback #EarnMoneyOnline #Amazon #giftcard",1.311149802185519e+18
16,2020-09-30 03:45:49,rakten_kaden_,"09/30 12:45

【納期約3週間】★★東芝　RC-10VSP（K）　
【楽天】34443円
【Amazon】42570円

★楽天で購入すると★
 8127円 お得（お得率24％）

↓お得な情報を一覧で確認出来るサイト
https://t.co/kMQYxgL6Rh

#楽天市場 #Amazon #お得 #せどり https://t.co/dsZs8XCJFP",1.3111502307677676e+18
17,2020-09-30 03:52:49,hidesan_tv,"#おすすめ #売れ筋 #ベストセラー #マンガ  #YouTube #ビジネス #投資 #資産運用 #株 #FX #不動産 #副業 #ブログ #アフェリエイト #せどり #転職 #Amazon #楽天 #楽天ROOM🌈
篠月しのぶ の 幼女戦記(17) (角川コミックス・エース) を Amazon でチェック！ https://t.co/FwrC98sFK9 @amazonより",1.311151993595945e+18
18,2020-09-30 03:54:56,cross82902,"🎉🎉🎉🎉🎉

#Jiani #JianiSport 
#Amazon #ランニング 
#着圧ソックス #マラソン
#ソックス https://t.co/gLkR66IGrD",1.3111525241837855e+18
19,2020-09-30 03:54:03,BhaktBrahmchari,#Amazon https://t.co/tWqIhiDjEy,1.3111523016801485e+18
20,2020-09-30 03:46:41,XperienceDope,"Blasting Tha RealDirtyMoney  - Cold Game right now on Pretty Dope Xperience Radio aka #BlackPandora

listen now and catch a wave!! https://t.co/VqKFopeoex  #nowplaying #np #RT  #NowStreaming #Streema Download Now #Alexa #GooglePlay #iOSAppStore #Amazon #",1.311150448347435e+18
21,2020-09-30 03:52:10,hidesan_tv,"#おすすめ #売れ筋 #ベストセラー #マンガ  #YouTube #ビジネス #投資 #資産運用 #株 #FX #不動産 #副業 #ブログ #アフェリエイト #せどり #転職 #Amazon #楽天 #楽天ROOM🌈
吾峠呼世晴 の 鬼滅の刃 22 (ジャンプコミックスDIGITAL) を Amazon でチェック！ https://t.co/k4g9cRpuLN @amazonより",1.311151827107283e+18
22,2020-09-30 03:55:37,Ayaton_youtube,【コックピットがリアル！】「⭐︎2.5 」７５００ https://t.co/mBmXwWrJCS via @YouTube ＃Amazon ＃アマゾンプライム　＃プライムビデオ　＃映画　＃ドラマ　＃コックピット　＃ハイジャック　＃あやとん　＃youtube ＃youtuber ＃Amazonオリジナル　＃アマゾンプライムビデオ　＃ホラー　＃飛行機,1.3111526961753866e+18
23,2020-09-30 03:52:29,hidesan_tv,"#おすすめ #売れ筋 #ベストセラー #マンガ  #YouTube #ビジネス #投資 #資産運用 #株 #FX #不動産 #副業 #ブログ #アフェリエイト #せどり #転職 #Amazon #楽天 #楽天ROOM🌈
転 の 異世界居酒屋「のぶ」(11) (角川コミックス・エース) を Amazon でチェック！ https://t.co/dNhUpTvNQB @amazonより",1.3111519062788956e+18
24,2020-09-30 03:52:01,Th4Ma,"@Holy_Cow_Pod The upper part of the K is Amazon, the bottom part of the K is everyone else.

You're welKome.

#Amazon",1.3111517916235407e+18
25,2020-09-30 03:55:00,shadowconn,"Complete English Grammar Rules: Examples, E... by Farlex International for $9.99 https://t.co/FrTk6SEsUB via #amazon",1.311152539778384e+18
26,2020-09-30 03:44:01,EichinChangLim,"Follow Yvette M Calleiro
@YvetteMCalleiro
The Chronicles of the #Diasodz is a #mustread #YA #fantasyseries on #Amazon. It's free to read with #KindleUnlimited. 
https://t.co/e3zh2AV6MU 
#RRBC #paranormal #YAbooks #goodversusevil 
@RRBC_Org #RRBC_Community
https://t.co/o1m696yh7V",1.3111497788063048e+18
27,2020-09-30 03:54:56,hidesan_tv,"#おすすめ #売れ筋 #ベストセラー #マンガ  #YouTube #ビジネス #投資 #資産運用 #株 #FX #不動産 #副業 #ブログ #アフェリエイト #せどり #転職 #Amazon #楽天 #楽天ROOM🌈
中桐啓貴 の 日本一カンタンな「投資」と「お金」の本 を Amazon でチェック！ https://t.co/gbuVJZVT93 @amazonより",1.3111525233365893e+18
28,2020-09-03 18:26:48,LenovoLegion,"Lenovo Legion x @PlayApex
Now is your chance to rise above the rest. 
Unmatched performance, purposeful engineering, modern design.
Gear up with a machine as savage as you are.
Stylish outside.
Savage inside.",1.301587465258578e+18
29,2020-09-30 03:48:44,ikari26,"アマゾンで購入した商品の返品のやり方や手順を、こちらのブログ記事で紹介しています！ #Amazon

・Amazonの返品のやり方は超簡単！　手順、返送、返金の方法をまとめました

https://t.co/OLm8LtkPSx",1.31115096306799e+18
30,2020-09-30 03:43:53,AtodariyaAsh,I played this interesting Quiz on Amazon https://t.co/v9rHr8vqfh #AmazonQuiz #Amazon #Samsung #India #SamsungIndia #SamsungIn #AmazonIn #AmazonIndia #Daily8AM12PM #FZQuizTime #FunzoneQuizTime #SamsungGalaxyM21 https://t.co/f1iIPEAj8q,1.3111497439350415e+18
31,2020-09-30 03:43:13,XperienceDope,"Blasting HER$CH - UCLA right now on Pretty Dope Xperience Radio aka #BlackPandora

listen now and catch a wave!! https://t.co/VqKFopeoex  #nowplaying #np #RT  #NowStreaming #Streema Download Now #Alexa #GooglePlay #iOSAppStore #Amazon #",1.3111495740489523e+18
32,2020-09-30 03:51:47,hidesan_tv,"#おすすめ #売れ筋 #ベストセラー #マンガ  #YouTube #ビジネス #投資 #資産運用 #株 #FX #不動産 #副業 #ブログ #アフェリエイト #せどり #Amazon #楽天 #楽天ROOM🌈
絵本奈央 の 週刊少年マガジン 2020年44号[2020年9月30日発売] [雑誌] を Amazon でチェック！ https://t.co/D5tqBc1Jg5 @amazonより",1.311151730164265e+18
33,2020-09-30 03:53:04,XperienceDope,"Blasting Weez Hardbelly - slow poke right now on Pretty Dope Xperience Radio aka #BlackPandora

listen now and catch a wave!! https://t.co/VqKFopeoex  #nowplaying #np #RT  #NowStreaming #Streema Download Now #Alexa #GooglePlay #iOSAppStore #Amazon #",1.3111520551810212e+18
34,2020-09-30 03:43:04,LuckByChance23,"@homefirstindia #contest #ContestAlert #win #play #answers #AmazonVoucher #Amazon #WINNER #Share #HomeFirst
A1) Pradhan Mantri Awas Yojana.
A2) Equated  Monthly Installment.
Join in 
@umeshkumar874 
@vishalmalavya 
@sameerghazi11 
@bliss_berri 
@spydani 
@ranchikuldeep",1.3111495371891917e+18
35,2020-09-30 03:51:14,jain_nishtha18,#Amazon #AmazonSpinandWin https://t.co/f2qtyLQkoz,1.3111515947805942e+18
36,2020-09-30 03:55:37,iuhauihiiha,"#Amazon One uses each individual's ""unique palm signature,"" an alternative to other biometric identifiers such as fingerprint, iris or facial recognition

#biometric #identification #technology #payments https://t.co/F8q3LU0Baq",1.3111526945480212e+18
37,2020-09-30 03:46:30,GPWriter,"My next #book, #TheTrumpYears, a #poetic howl about life during the Trump presidency, is available on #Amazon
https://t.co/rcTTHnR2lg
in the works for 5 long years...it is finally here in time for the most important #election of our lives
#poetry #poets #read #vote Wake up",1.3111504029020078e+18
38,2020-09-30 03:50:17,shriek11,"Last Chance! Would you like to win a $50 Amazon Gift Card or PayPal Deposit? Check out this easy entry Gleam giveaway for a chance to #WIN

Open Worldwide

@GooseGiveaways #wingiftcard #wincash #amazon #paypal #winmoney #sweepstakes #giveaways https://t.co/FyIy5D9tAH",1.3111513557976064e+18
39,2020-09-30 03:53:33,Amazon76380486,"https://t.co/daFKJyLajq
#ad
#Amazon",1.3111521766523126e+18
40,2020-09-30 03:42:32,ChristyANJax,Here’s the official statement from #Amazon after a shooting inside the fulfillment center on Pecan Park Rd. https://t.co/ExmeqpakdY,1.3111494049849344e+18
41,2020-09-30 03:54:04,hidesan_tv,"#おすすめ #売れ筋 #ベストセラー #マンガ  #YouTube #ビジネス #投資 #資産運用 #株 #FX #不動産 #副業 #ブログ #アフェリエイト #せどり  #Amazon #楽天 #楽天ROOM🌈
山崎 和邦 の 常識力で勝つ超正統派株式投資法 (角川フォレスタ) を Amazon でチェック！ https://t.co/sRCwwEC6Wj @amazonより",1.311152308223312e+18
42,2020-09-30 03:49:05,SalveBrazilians,"@JoeBiden keep your creepy hands away from the #Amazon.  No money will buy OUR FOREST, our sovereign and our freedom. Back off creepy old man. @jairbolsonaro and @realDonaldTrump  lets go!! 🇧🇷",1.311151050263597e+18
43,2020-09-30 03:43:54,jonasan1115,フェレロ ヌテラ 350g https://t.co/1mxrNdqZ3W #Amazon 麻薬じゃこれ,1.3111497476845363e+18
44,2020-09-30 03:47:29,catnap707,"2020/09/30 09:51 ごろ。タイブログで確認
#Amazon #Phishing 

◆件名
回复： あなたのアカウントは停止されました

◆リンク
hxxp://www.payamazoon[.]buzz/

◆IP
148.66.129[.]129 👨 https://t.co/amnBXRpo2I",1.3111506478283407e+18
45,2020-09-30 03:44:43,AmaArrival,"【スイッチ入荷】 Switch Lite コーラル あつまれ どうぶつの森セット

店舗：Amazon .co.jp 
販売価格 30,515円 
https://t.co/hj12J5Wgrn 

在庫確認できた方はいいね♡ 
買えたらコメント待ってます！ 
確認日時：2020/09/30-12:44.43
#Amazon #NintendoSwitch #スイッチライト #在庫 #入荷 #販売 https://t.co/2de3k6QKLa",1.3111499539771843e+18
46,2020-09-30 03:50:33,catnap707,"2020/09/30 11:48 ごろ。Stockブログで確認
#Amazon #Phishing 

◆件名
Amazonプライムの自動更新設定を解除いたしました！番号：ランダムな数字

◆リンク
hxxp://amazoneosa[.]top/

◆IP
160.153.252[.]227 👨 https://t.co/iLDCM8Gkgt",1.3111514203352474e+18
47,2020-09-30 03:53:02,nuigurumi117,"童心オリジナル 日本製 リアルな犬のぬいぐるみ プレゼント ギフト 置物 装飾 (クロ柴犬 這い) https://t.co/2Ld0gRc9xK #Amazon
隠れ人気の黒柴❗️お目目がくりくりしててかわいいです‼️",1.311152047798907e+18
48,2020-09-30 03:47:19,tkstminami,Gravity / アカシア「アカシア」盤(CD+DVD+グッズ) https://t.co/wbbRw3essP #Amazon,1.3111506094001193e+18
49,2020-09-30 03:54:35,hidesan_tv,"#おすすめ #売れ筋 #ベストセラー #マンガ  #YouTube #ビジネス #投資 #資産運用 #株 #FX #不動産 #副業 #ブログ #アフェリエイト #せどり #転職 #Amazon #楽天 #楽天ROOM🌈
奥野 一成 の ビジネスエリートになるための 教養としての投資 を Amazon でチェック！ https://t.co/kys0Mpcs8H @amazonより",1.3111524363676877e+18
,date,screen_name,tweet,tweet_id
0,2020-09-30 03:36:40,Blogging__Guide,"Bookshop Review for Bloggers - Blogging Guide
https://t.co/6MSEbd7faz
#bookshop #medium #substack #writer #bookstore #review #website #platform #amazon #new",1.3111479293700588e+18
1,2020-09-30 03:39:00,AmaArrival,"【スイッチ入荷】 Switch Lite イエロー 保護フィルム セット

店舗：Amazon .co.jp 
販売価格 23,606円 
https://t.co/UYqgtRtyY8 

在庫確認できた方はいいね♡ 
買えたらコメント待ってます！ 
確認日時：2020/09/30-12:38.59
#Amazon #NintendoSwitch #スイッチライト #在庫 #入荷 #販売 https://t.co/KErEOFuXQn",1.3111485151002952e+18
2,2020-09-30 03:34:36,tsukinotou,BUNDOK(バンドック) ウエイト 2P BD-256 タープ テント 固定 重り https://t.co/Maf1Z61OZt #Amazon,1.3111474052664852e+18
3,2020-09-30 03:35:21,kana_ogawa,"【パズル】ベスト10
1000ピース ジグソーパズル 塔の上のラプンツェル Tangled(51x73.5cm)
https://t.co/FmHdtGGq1y #Amazon",1.3111475974955581e+18
4,2020-09-30 03:35:11,kana_ogawa,"【パズル】ベスト10
テンヨー ペントミノ(脳ブロック) TBB-02
https://t.co/CB2VJRTDZT #Amazon",1.3111475536441836e+18
5,2020-09-30 03:39:00,doblellave,#Innovación | #Amazon presentó sistema para pagar con la palma de la mano https://t.co/rZnmISMoX3,1.311148513393283e+18
6,2020-09-30 03:38:34,Aijobs_com,"Amazon is looking for a SENIOR SOFTWARE DEVELOPMENT ENGINEER – BIG DATA, AWS EMR(US, Seattle)Apply here ➡https://t.co/80QVjQnjxL

#ai #aijobs #artificialintelligence #techjobs #datascience #jobsearch #jobs #ml #Amazon",1.3111484057296323e+18
7,2020-09-30 03:40:10,AtodariyaAsh,I played this interesting Quiz on Amazon https://t.co/v9rHr8vqfh #Amazon #AmazonQuiz #FZQuizTime #AmazonFunZone #FunZoneQuizTime #Daily8Am12PM,1.3111488069022966e+18
8,2020-09-30 03:40:33,KilgoreJenna90,Enter for a chance to #win a $50 #Amazon #giftcard and a #paperback from #USAT #bestselling #author @EvaPohler https://t.co/gHIE2qd38m,1.3111489033797263e+18
9,2020-09-30 03:35:48,rakten_kaden_,"09/30 12:35

SHARP FU-J50 ホワイト系 [空気清浄機
【楽天】18800円
【Amazon】19770円

★楽天で購入すると★
 970円 お得（お得率5％）

↓お得な情報を一覧で確認出来るサイト
https://t.co/kMQYxgL6Rh

#楽天市場 #Amazon #お得 #せどり https://t.co/fCzdVadm5i",1.3111477112534958e+18
10,2020-09-30 03:37:07,mFHfbbzpSaGvdAu,"#amazon でprinceのsign of the times の生産限定cdを申し込んだのは6月
輸入盤にしてしまったことが影響が、それとも販売価格が安すぎる時に買ったからか、発送未定のままである
レビューとか見ていると、みんなに届いているじゃん
下手したら出品者都合でキャンセルなんてこともあり得る",1.3111480416262185e+18
11,2020-09-30 03:37:32,creativemm12,"👉https://t.co/Y1dk42HT3B  #amazon👈
💯👉Auto Follower👈💯
💯👉#自動相互フォロー👈💯

#TeamFollowBack
#Titans
#Cleveland #Indians
#Private #Equity
#autofollower
#TeamFollowBack
#相互フォロー100
#固定ツイートRT
#followtrick
#followergenerator
#RT企画
#フォロ",1.3111481452213576e+18
12,2020-09-30 03:39:44,creativemm12,"👉https://t.co/fzOnPubAll #amazon👈
💯👉Auto Follower👈💯
💯👉#自動相互フォロー👈💯

#FollowNGain
#Bad #Bunny #Crocs
#Eric #Trump
#Hillary #Clinton
#拡散希望RTお願いします
#相互リツイート
#FollowNGain
#followergenerator
#1000ADay
#FollowBack
#bts
#seventeen",1.3111487003710423e+18
13,2020-09-30 03:37:02,AmberDaulton1,HISTORICAL ROMANCE GIVEAWAY! Win $390 #Amazon Gift Certificate! Until Sept 23! @KarynGerrard @SusannaMCraig @authorVTaylor https://t.co/gm3u7xXCN4 via @KarynGerrard https://t.co/hNLVkJME3l,1.3111480198998671e+18
14,2020-09-30 03:38:40,konvweb,"#Ebook
@amazonDE #Amazon @AmazonKDP #reiseinsverderben #KindleUnlimited #Kindle #kindlebook #KindleCountdown #zitat #Roman #author #book #Lesen #Thriller

741 spannende Seiten! 
Großes Inhaltsverz. mit Sprungfunktion.
#Autorenseite Konstantin von Weberg 

https://t.co/ZRsChaKVBY",1.3111484289241252e+18
15,2020-09-30 03:35:06,kana_ogawa,"【パズル】ベスト10
Piece2
https://t.co/H9DquDwRIm #Amazon",1.3111475317331436e+18
16,2020-09-30 03:35:27,kana_ogawa,"【パズル】ベスト10
42ピース クリスタルパズル トトロ・グレー
https://t.co/Qq2eFlvXE9 #Amazon",1.3111476197841633e+18
17,2020-09-30 03:37:27,wes_log,"ペンカメラ・スパイカメラなどの小型カメラのレビュー案件ありませんか？？
ご連絡お待ちしています。

#レビュー不要
#レビュー
#レビュー募集
#無料商品
#Amazon 
#アマゾンレビュー募集
#アマゾンレビュー
#Amazonレビュー募集
#アマゾン
#レビューアー
#Amazonレビュー
#Amazonレビュー募集",1.3111481229034414e+18
18,2020-09-30 03:40:49,rakten_kaden_,"09/30 12:40

クリーナー スティッククリーナー IC-SLDC8
【楽天】7980円
【Amazon】8531円

★楽天で購入すると★
 551円 お得（お得率7％）

↓お得な情報を一覧で確認出来るサイト
https://t.co/kMQYxgL6Rh

#楽天市場 #Amazon #お得 #せどり https://t.co/9JGz1lgbHG",1.3111489708365496e+18
19,2020-09-30 03:34:02,dogmapua666,"以前も紹介したが、これは本当に面白いので絶対にオススメ。

常識・文化は国によってこんなに違うのかということがよくわかる。

エピソードがぶっ飛び過ぎている

イラン人は面白すぎる! (光文社新書) https://t.co/nnJRvdFsMJ #Amazon",1.3111472650466714e+18
20,2020-09-30 03:38:17,davepperlmutter,⭐️⭐️⭐️⭐️⭐️ Up early at 4.30 as off to a TV set as an extra &amp; checked #Amazon &amp; only a #1 BESTSELLER 👉 #WrongPlaceWrongTime 🙏 https://t.co/1gcw4nYMFS via @AmazonUK #BookBoost #IARTG @AlisonCuddy79 @BetsyLulu1 #WednesdayWisdom #mybookagents #WritingCommunity #book #booklovers,1.311148335034708e+18
21,2020-09-30 03:35:37,kana_ogawa,"【パズル】ベスト10
くもんの日本地図パズル PN-32
https://t.co/PqSZWAmhvi #Amazon",1.3111476636313313e+18
22,2020-09-30 03:35:48,kana_ogawa,"【パズル】ベスト10
テトロミノ(脳ブロック) [並行輸入品]
https://t.co/6TStuSKyFD #Amazon",1.3111477076505518e+18
23,2020-09-30 03:35:00,kana_ogawa,"【パズル】ベスト10
LDT 3D立体パズル 木製パズル【四車種セット】DIY クラフト 知育玩具 クリスマスプレゼント 男の子 女の子 大人 プレゼント 玩具
https://t.co/aaXARFkRJP #Amazon",1.311147509801083e+18
24,2020-09-30 03:35:03,TinkFan25,"Sweet romance with a small town feel! All books are available on #amazon and in #KindleUnlimited now! through Sept 30
#romance #cleanreads #sweetromance #book #booklovers 
https://t.co/vR87wdHEOV https://t.co/nFvOnPmWwN",1.3111475185212088e+18
25,2020-09-30 03:35:32,kana_ogawa,"【パズル】ベスト10
1000ピース ジグソーパズル くまのプーさん Winnie The Pooh II スペシャルアートコレクション (51x73.5cm)
https://t.co/BQqTofyXoC #Amazon",1.3111476417496474e+18
26,2020-09-03 18:26:48,LenovoLegion,"Lenovo Legion x @PlayApex
Now is your chance to rise above the rest. 
Unmatched performance, purposeful engineering, modern design.
Gear up with a machine as savage as you are.
Stylish outside.
Savage inside.",1.301587465258578e+18
27,2020-09-30 03:36:46,syoya_pooh,"わあ！！！！
このタイミングで、決定論史を扱う本が出版される…
これはもはや運命なんじゃないの

自由意志の向こう側 決定論をめぐる哲学史 (講談社選書メチエ) https://t.co/lFCdhat72S #Amazon",1.3111479510083092e+18
28,2020-09-30 03:40:09,XperienceDope,"Blasting  Savelle The Native - Fortnite  right now on Pretty Dope Xperience Radio aka #BlackPandora

listen now and catch a wave!! https://t.co/VqKFopeoex  #nowplaying #np #RT  #NowStreaming #Streema Download Now #Alexa #GooglePlay #iOSAppStore #Amazon #",1.311148804356354e+18
29,2020-09-30 03:35:00,kohjijapan,"【#レビュー募集 案件】

#U型クッション

８時間も座っている現代人の 80％が腰の痛みと頭、首の痛みに悩まされています。このクッションを使うと、脊柱の湾曲が自然と維持され靭帯の緊張がゆるみ、腰椎椎間板への圧力が均等になり、体重が分散され、疲労感が少なります。

#Amazon
#Amazonレビュー https://t.co/xdOC61upuA",1.3111475069699768e+18
30,2020-09-30 03:42:03,Trend2Way,"🌟Trend 2 way
إبدأ العمل على فكرتك الأن بدون أعذار وبدون قيود تعلم تطوير وبناء مشروعك فالعمل الجاد يقود إلى الفرصة الذهبية 
.
 #marketing #livetraining #shoppingonline #markerart #جرافك_ديزاين #جرافك_ديزاين #amazon
.
#مواقع_التواصل_الاجتماعي #دورات_تدريبية #فريلانس #مواقع_تسوق https://t.co/xE6UHXSOmE",1.3111492813871882e+18
31,2020-09-30 03:36:05,prachi_chikani,I played this interesting Quiz on Amazon https://t.co/byeOO53Rw7 #Amazon,1.3111477800862188e+18
32,2020-09-30 03:33:42,SeeCoupons,[42% OFF] Magnetic Weekly Calendar https://t.co/d1D5kXtkOj #amazon #amazondeals #deals,1.3111471816891802e+18
33,2020-09-30 03:35:28,TeammateSadina5,"Winnia is giving away a $50 #Amazon gift card in celebration of its official launch 🎁

Enter now 👇👇 https://t.co/jHX03xdYTF  enter here",1.3111476252577997e+18
34,2020-09-30 03:37:01,gErmO18,"#Amazon en el próximo Prime Day 

🤣😅🤣 https://t.co/FZVlJHbqdI",1.311148017181954e+18
35,2020-09-30 03:41:00,espaldacubierta,"Chollo Blackmagic Design Pocket Camera 6K

👉https://t.co/VodjssLmFE👈

#Blackmagic #Design #BuenosDiasATodos #BuenosDías #chollos #compras #amazon #rebajas #españa https://t.co/iYPtaTQpw8",1.3111490167599882e+18
36,2020-09-30 03:42:24,little_island20,"WordPressの本、届いた！やはり動画だけでは無理だった😅　これで、勉強進めるぞ！
https://t.co/3faiyaFgPW #Amazon

［今日やること］
・ポートフォリオサイトをつくる！
　（WordPress）

今日も良い1日になりますように😊",1.3111493682342666e+18
37,2020-09-30 03:37:17,sagarsahoo1999,#AmazonQuiz #Amazon #AmazonIndia @amazonInQuiz https://t.co/MlOP12KVTG,1.3111480828604457e+18
38,2020-09-30 03:36:19,hamco513,"長いライブ配信だとこれがあると便利だ

【26800mAh &amp; LEDライト付き &amp; PSE認証済】 モバイルバッテリー 大容量 急速充電 3in1入力ポート（Lightning/micro USB/Type-C） ケーブル1本で充/蓄電 LCD残量表示 2USBポート 最大2.1A出力 二台同時充電 

https://t.co/Po3cZxtSuK　　価格:￥2,980
#Amazon https://t.co/FIMybpWzDx",1.3111478406099886e+18
39,2020-09-30 03:35:56,XperienceDope,"Blasting Rushiano - on the gang right now on Pretty Dope Xperience Radio aka #BlackPandora

listen now and catch a wave!! https://t.co/VqKFopeoex  #nowplaying #np #RT  #NowStreaming #Streema Download Now #Alexa #GooglePlay #iOSAppStore #Amazon #",1.3111477408906322e+18
40,2020-09-30 03:38:29,adilsonbfonseca,#amazônia #amazon #eleições #bolsonaro #eua #Eleicoes2020 https://t.co/pplcYpYgJe,1.3111483848840765e+18
41,2020-09-30 03:35:16,kana_ogawa,"【パズル】ベスト10
パズル
https://t.co/O8csE6b6lf #Amazon",1.3111475755510374e+18
42,2020-09-30 03:42:11,Petra_Andrea_PA,"✯✯✯ 𝗔𝗩𝗔𝗜𝗟𝗔𝗕𝗟𝗘 𝗡𝗢𝗪! ✯✯✯
𝙇𝙞𝙯'𝙨 𝙂𝙪𝙖𝙧𝙙𝙞𝙖𝙣
https://t.co/ORXxt9qUJ7
The second book in the 𝘔𝘦𝘯 𝘞𝘪𝘵𝘩𝘰𝘶𝘵 𝘈 𝘊𝘢𝘶𝘴𝘦 series by @lanalynn45

Also available on Kobo, Nook, Smashwords and Apple Books!

#amazon #kindlebook #kindle #kobo #nook https://t.co/hm5pPq5bHM",1.3111493144676598e+18
43,2020-09-30 03:38:32,UmaPlastoware,"#Uma Plastoware is  a pioneering #manufacturer, #exporter, &amp; #trader in wide range of daily #utilityproduct. These product are appreciated all across for theory excellent feature such as 100% virgin #PlasticMaterial.
 
Know more-  https://t.co/WrYLeZoSgg

#PlasticProduct #Amazon https://t.co/u32lsMlMSE",1.3111483979367342e+18
44,2020-09-30 03:34:44,mazzoned,"Un documento que hará historia: es probable que el informe antimonopolio de la Cámara de Representantes US se publique el lunes 5 de octubre: los máximos dirigentes de #Amazon #Facebook #Apple y #Google testificaron ante el Sub Comité antimonopolio en julio, vía @Reuters https://t.co/KWuN0S3wP9",1.311147440859472e+18
45,2020-09-30 03:35:42,kana_ogawa,"【パズル】ベスト10
300ピース ジグソーパズル となりのトトロ 空にひびけ (26x38cm)
https://t.co/NTnCTPbDlw #Amazon",1.3111476855675863e+18
46,2020-09-30 03:41:16,Amazon76380486,"https://t.co/mLMEpDhcZX
#ad
#Amazon",1.311149084296835e+18
47,2020-09-30 03:35:08,CoolDealCA,"Go fast!!

Massage Gun only $42.99 🔥 

#freebies #deals #deal #moneysaver #greatdeal #steals #discount #sale #bargain #bargainhunter #cheap #bestprice #Amazon  #Deals #giveaway #Deal #ganga

 https://t.co/OLdGXWTFOM https://t.co/ArhCMgr9qq",1.3111475423029166e+18
48,2020-09-30 03:36:57,bot_bot365,"ニーア レプリカント ver.1.22474487139...【https://t.co/OR6bJJxUiq限定】
オリジナルタロットカード(1枚)付 - PS4
予約受付中

https://t.co/Ef0bMTVWAc

＃ニーアレプリカント
＃Amazon
＃予約
＃PS4",1.3111479969023795e+18
,date,screen_name,tweet,tweet_id
0,2020-09-30 03:32:04,smiltg,"見えざるユダヤ人―イスラエルの〈東洋〉 (平凡社選書 (174)) https://t.co/nlGIJyrkWF #Amazon
前書いたけど、ユダヤ人に関する本でちょっと視点が変わる本。大戦後に中東欧から多くが移住したアシュケナジムではなく、古代からずっと中東・北アフリカに住み続けたミズラヒームという人々に関する本。",1.31114676913732e+18
1,2020-09-30 03:32:54,marutet618,"#Amazon が委託してる #宅配業者 最悪過ぎない？
インターホン鳴らさず不在票も入れず電話だけかけてくる始末。
しかも、地下部屋に住んでるから電話かけられてもLINE電話くらいしか通じない。
電話かけてくる暇あるなら荷物もってこい",1.3111469782485524e+18
2,2020-09-30 03:33:16,JoannaLower,My album is available for purchase on #Amazon but it is ALSO now available for streaming on #AmazonMusic! 😍❤ Check it out today! 🎉🎶 https://t.co/BiJyJlJscN,1.3111470724192297e+18
3,2020-09-30 03:27:34,seika_hikaku,#ヴィクトリノックス を安く買いたいなら #cotta #富澤商店 #楽天 #amazon https://t.co/xWA3Hi2xol,1.3111456357986877e+18
4,2020-09-30 03:29:03,best_deals_US,"Here's a great deal
Moen YB8099OWB Mason Paper Holder, Old World Bronze

Offer price: $1.55 (33% OFF!)
Retail: $2.30

https://t.co/5LwUAMwUrI

#Amazon #deals #RT https://t.co/ezC7gnOG1t",1.311146011012653e+18
5,2020-09-30 03:30:13,CoolDealCA,"Home Office Laptop Desk only $59.99!!

#freebies #deals #deal #moneysaver #greatdeal #steals #discount #sale #bargain #bargainhunter #bargainshopper #cheap #bestprice #Amazon  #Deals #giveaway #Deal #ganga

 https://t.co/Hn8MXxcGQS https://t.co/CyakQu6Go3",1.3111463034103112e+18
6,2020-09-30 03:30:21,MagdaDJG,"¡¡¡LECTURA RECOMENDADA!!!
LA SOMBRA DEL VERDUGO del autor 
@torres_escritor
digital: https://t.co/mlr1krs1ZL
papel: https://t.co/ocaBBX1tmV
#amazon #fantasía #verdugo #yomequedoencasa
@ADVANCEBOOKS777
@JARios_autor
@MagdaDJG https://t.co/yMrw2PPt7l",1.3111463395820708e+18
7,2020-09-30 03:30:43,CometsMum,Spooky&gt;Why #Amazon knows so much about you https://t.co/1Nh3tmAbXR via @BBCNews,1.3111464279978803e+18
8,2020-09-30 03:33:07,yuuzaki_zip,"【メーカー特典あり】 アカシア盤 「アカシア / Gravity」(CD+DVD+グッズ)[内容未定付き] https://t.co/KGkQHqu2B9 #Amazon
予約してしまったわよ！",1.3111470319902106e+18
9,2020-09-30 03:30:11,yuki_nagase,"【おもちゃ】ベスト10
逃げろ
https://t.co/iDYKFzP9dk #Amazon",1.3111462962379448e+18
10,2020-09-30 03:30:02,YabRock,Led Zeppelin II / #LedZeppelin https://t.co/oCqeR57v2B #HardRock #HeavyMetal #アマゾン #Amazon #AmazonJP,1.3111462566017352e+18
11,2020-09-30 03:31:50,tmpst_C,【メーカー特典あり】 アカシア盤 「アカシア / Gravity」(CD+DVD+グッズ)[内容未定付き] https://t.co/feoC1a2JZj #Amazon,1.3111467099221156e+18
12,2020-09-30 03:30:02,amazon_rankinQ,"【PS4ゲームソフト】
【PS4】コール オブ デューティ ブラックオプス コールドウォー
￥7,108
https://t.co/xI0SEMqFv9
#amazon",1.311146258736636e+18
13,2020-09-30 03:30:03,CashmintIN,Rs.619 Check out HYUNDAI 10000mAH Li-Poly Power Bank HY-PB-1001 by HYUNDAI https://t.co/PXwPB3fGDq via #amazon https://t.co/1helACFzeb,1.3111462639545016e+18
14,2020-09-30 03:29:41,kakicchysmusic6,https://t.co/MaMFRamliO: 2nd Generation Album (2015 Remaster) [Clean]: kakicchysmusic: MP3 Downloads https://t.co/S65jwfCjNr #Amazon #Prime,1.311146172040405e+18
15,2020-09-30 03:30:06,yuki_nagase,"【おもちゃ】ベスト10
iKing マグネットブロック 94PCS 磁石ブロック マグネットおもちゃ 磁気おもちゃ 子供 知育玩具 男の子 女の子 幼児 人気 積み木 立体パズル DIY 観覧車 ロボット 収納ケース付き 出産祝い 入園ギフト クリスマス 誕生日プレゼント 贈り物
https://t.co/pXfEIrRKyi #Amazon",1.3111462739535954e+18
16,2020-09-30 03:30:37,dogmapua666,"斎藤孝先生の本はこれがオススメ。彼の本はどれも同じようなことが書いてあるが、これは取り上げている例の質が良い。

天才の読み方 究極の元気術 (だいわ文庫) https://t.co/hSh6WT7mxb #Amazon",1.3111464052814602e+18
17,2020-09-30 03:30:08,3kidsmama1209,"昨日より安くなってる？？

カルビー フルグラ6袋セット❤️
https://t.co/bUyV2kKjbC

❤️33％OFF❤️
5,703円⇒3,800円

#Amazon #シリアル",1.3111462818556273e+18
18,2020-09-30 03:29:08,eDENSqdXvNojuPS,"#Amazon 
#レビュー
#アマゾン
#日本アマゾン　
#レビュー募集
#アマゾンレビュー
亚马逊 美国，日本 测评，纯真人本土买家操作平台 每个买家账号主页都可查看，留评率70%，买家8000+账户权重高，关键词链接搜索，货比三家，诚信为本，微信：15818595864 https://t.co/LXMOf2rbHK",1.3111460310404792e+18
19,2020-09-30 03:27:18,shah_himanshu,"@FinservMARKETS Hope to win

 #Unlock #contest #Amazon 

@FinservMARKETS",1.3111455701535826e+18
20,2020-09-30 03:31:11,TheInStockRoom,"***New Deal***
ClosetMaid 56610 Pre-Loaded Wa...
Reduced from $7.47 to $2.98
https://t.co/0yqwE12dXJ
#Deals #newDeals #Amazon https://t.co/zEPIaV6jzG",1.31114654696516e+18
21,2020-09-30 03:31:15,CoolDealCA,"💲💰
6-Count Colgate Extra Clean Fu...
#New  price $2.60

# #Deals #new #Deals #Discounts #Amazon  #Deal #ganga

 https://t.co/yHxqWFcYTm",1.3111465621779046e+18
22,2020-09-30 03:29:32,nozakihiroshi1,[2020最新 Android タブレット] https://t.co/CEj37poGJj via @amazonJP #PrimeDay #android10 #10inch #amazon #japan #gift #student #学生 #学習 #プレゼントのお知らせ https://t.co/ZfLTJ3SvrM,1.3111461315192259e+18
23,2020-09-30 03:33:41,SeeCoupons,[41% OFF] REORIA Womens Summer Scoop Neck Sleeveless Tank Top Short Jumpsuit Rompers https://t.co/0D4sgwD7Z9 #amazon #amazondeals #deals,1.311147177914372e+18
24,2020-09-30 03:30:01,yuki_nagase,"【おもちゃ】ベスト10
【公式】 Lon-Bi（ロンビー） 物作りやアクティビティにも使える新感覚チューブ式ブロック 7色 560ピース
https://t.co/hijK1AsTq1 #Amazon",1.3111462520970895e+18
25,2020-09-30 03:32:25,Sammycasey12,"@thephonecasino I would love to win this Amazon voucher to help out with buying Christmas presents for my children 
 #Amazon #voucher!
#giveawayalert #FreeMoney #freebies #WinBigWeekly #Win",1.3111468559553987e+18
26,2020-09-30 03:30:42,yuki_nagase,"【おもちゃ】ベスト10
ポケットモンスター スマホロトム
https://t.co/uRXptWhT0e #Amazon",1.3111464276664115e+18
27,2020-09-30 03:30:12,aniclucatalog,"おはようございます！睦月です☆ September 30, 2020 at 12:30PM 新刊・新作が出てるかも? 休憩や移動中にチェックだ٩(ˊᗜˋ*)و #Amazon https://t.co/rbNhyWCUKs ・ https://t.co/vWLWuONOfg https://t.co/S5ytsIl85l",1.3111463011454525e+18
28,2020-09-30 03:27:06,sagarsahoo1999,#AmazonQuiz #Amazon #AmazonIndia @amazonInQuiz https://t.co/nncJFszrlE,1.3111455215541576e+18
29,2020-09-30 03:26:59,uketoricancel,"#無断受取拒否なくそう
無断で代引きの受取拒否をされました...
ショップ運営者様の切実な悩みです

https://t.co/Mg8HrRc0LI
#無断受取拒否なくそう #ミンネ #楽天 #ヤフー #メルカリ #ラクマ #amazon",1.3111454896019497e+18
30,2020-09-30 03:31:53,creativemm12,"&lt;Current Weather&gt;
Los Angeles
Temperature: 77.58°F/ Status: clear
👉https://t.co/GwhjX14o1N #amazon👈
💯👉Auto Follower👈💯
💯👉#自動相互フォロー👈💯

#TeamFollowBack
#Twins
#Eric #Trump
#Meghan #McCain
#RT企画
#f4f
#followermachine
#FollowNGain
#Tea",1.3111467247322235e+18
31,2020-09-30 03:30:27,yuki_nagase,"【おもちゃ】ベスト10
トランシーバー おもちゃ 子供 3台セット 男の子 プレゼント トリプルトーキー
https://t.co/C2s8tW7N4K #Amazon",1.311146362054959e+18
32,2020-09-30 03:30:32,yuki_nagase,"【おもちゃ】ベスト10
アイリスオーヤマ おもちゃ箱 天板付き パステル 幅86.3×奥行34.8×高さ79.5cm キッズ トイハウスラック TKTHR-39
https://t.co/QrQem6Uh4X #Amazon",1.3111463840162898e+18
33,2020-09-30 03:30:22,yuki_nagase,"【おもちゃ】ベスト10
Holyton ドローン こども向け おもちゃ ラジコン ミニドローン ジェスチャー制御 リモコン付き 室内 ハンドコントロール 初心者 赤外線誘導センサー 自動回避障害機能 2段階スピード調整 高度維持 LEDライト付き プレゼント 贈り物 HT06 (青)
https://t.co/vZLqkP1284 #Amazon",1.311146340101972e+18
34,2020-09-30 03:31:09,TheInStockRoom,"***New Deal***
6-Count Colgate Extra Clean Fu...
New price $2.60
https://t.co/3qNWLl5TFz
#Deals #newDeals #Discounts #Amazon https://t.co/pf8VBTqFzm",1.311146538559828e+18
35,2020-09-30 03:29:37,QuickShopDeals,"****Great Deal***Low Price***
novosun Halloween Garden Flag, Spooky Ghost Pumpkin Yard Flag Double Sided, Outdoor Decor Happy Halloween Banners Yard Decoration 12.5 x 18 Inch 
Price$10.99*Great for Halloween*
https://t.co/rOnPv7MqhZ
#amazon #amazondeals #deals #sale #save #shop https://t.co/7nUSrxx3Dh",1.3111461544161116e+18
36,2020-09-30 03:30:16,yuki_nagase,"【おもちゃ】ベスト10
Tagitary 動物のフィギュア 22pcs 収納ボックス付き 野生動物セット 子供用おもちゃ 誕生日プレゼント 動物園 森の情景コレクション 定番玩具 収納便利 豪華セットキッズおもちゃ 保育園教具
https://t.co/YW4SFvnNCZ #Amazon",1.3111463181783122e+18
37,2020-09-30 03:30:14,gaoqiaomeizhi,"レビュー募集しています
応募方法：フォロー/RT/コメント
返金方法：PayPal、Paypay、LINE Pay、Amazonギフト券など。
ご興味がございましたら、ご遠慮なくご連絡してください。🥰
#アマゾンレビュー #アマゾン #amazon #レビューア #アマゾンレビュー募集 #レビュー #無料商品  #Amazonレビュー募集 https://t.co/H41AC7BEEl",1.3111463087327437e+18
38,2020-09-30 03:30:06,JARios_autor,"¡¡¡LECTURA RECOMENDADA!!!
LA SOMBRA DEL VERDUGO del autor 
@torres_escritor
digital: https://t.co/BmcEzjNWXn
papel: https://t.co/ptglnkPu0w
#amazon #fantasía #verdugo #yomequedoencasa
@ADVANCEBOOKS777
@JARios_autor
@MagdaDJG https://t.co/oeslHC2rJA",1.3111462739076342e+18
39,2020-09-30 03:30:15,virendramane2,"I played this interesting #AmazonQuiz on z
@amazonIN-Play games at #Amazon App FunZone  https://t.co/1chjZGEcqS

#QuizTimeMorningsWithAmazon https://t.co/h9QHYv0pKm",1.311146313531175e+18
40,2020-09-30 03:31:32,ReJ1t,"勝手ながら欲しいものが増えました😃💦応援よろしくお願いします❗️

https://t.co/tYqAbRL7y9 #Amazon",1.3111466337535795e+18
41,2020-09-30 03:32:45,XperienceDope,"Blasting Richy Qwavoo - Slide right now on Pretty Dope Xperience Radio aka #BlackPandora

listen now and catch a wave!! https://t.co/VqKFopeoex  #nowplaying #np #RT  #NowStreaming #Streema Download Now #Alexa #GooglePlay #iOSAppStore #Amazon #",1.3111469408690831e+18
42,2020-09-30 03:30:48,rakten_kaden_,"09/30 12:30

シャープ KS-CF05B-B(ブラック) ジャー
【楽天】8190円
【Amazon】8400円

★楽天で購入すると★
 210円 お得（お得率3％）

↓お得な情報を一覧で確認出来るサイト
https://t.co/kMQYxgL6Rh

#楽天市場 #Amazon #お得 #せどり https://t.co/ae8HOrObjE",1.3111464513055252e+18
43,2020-09-30 03:31:41,AllOnFire,"Today's #AMAZON DEALS of the Day
Check it out here &gt;&gt; https://t.co/EpIreLiGSa",1.311146675373781e+18
44,2020-09-30 03:28:22,soso_piano,"重松壮一郎のアルバム「tsumugi」は、#amazon #iTunes #Spotify 等にて好評配信中です。ぜひお聴きください！

★配信サイト一覧はこちら
https://t.co/wvc9hQgIEc",1.311145839755223e+18
45,2020-09-30 03:31:17,CoolDealCA,"💲💰
ClosetMaid 56610 Pre-Loaded Wa...
Reduced from $7.47 to $2.98

# #Deals #new #Deals #Amazon  #Deal #ganga

 https://t.co/u7ICiwHSer https://t.co/Z6Od7mMJvH",1.311146571392848e+18
46,2020-09-30 03:30:08,dlpitchDE,"#AmazonWishList #amazonprime #Amazon 

https://t.co/6LTImZFmRB",1.3111462850225357e+18
47,2020-09-30 03:31:40,MoGalore,"Best Books of the Month: Nonfiction 
on #Amazon
https://t.co/gamidDTnI8",1.3111466709110415e+18
48,2020-09-30 03:30:06,ADVANCEBOOKS777,"¡¡¡LECTURA RECOMENDADA!!!
LA SOMBRA DEL VERDUGO del autor 
@torres_escritor
digital: https://t.co/UopyJtSkL1
papel: https://t.co/XAnq7X30rV
#amazon #fantasía #verdugo #yomequedoencasa
@ADVANCEBOOKS777
@JARios_autor
@MagdaDJG https://t.co/SeZ8NwtN51",1.311146273974743e+18
49,2020-09-30 03:31:35,wwwmanymerrycom,#am͜a͉zon ストア https://t.co/3UUNIdUpqN で、上品なカラーを揃えた #ニット をお買い得なプライスで数量限定販売中です。#スイスコットン #ピマコットン #イタリア糸 を使用した #上質ニット を是非この機会に…#セーター #編み物 #手編み #かぎ針 #ニットカフェ B,1.3111466461770834e+18
,date,screen_name,tweet,tweet_id
0,2020-09-30 03:16:23,Amazon76380486,"https://t.co/IZNLnzfGBw
#ad
#Amazon",1.311142824201597e+18
1,2020-09-30 03:26:12,Amazon76380486,"https://t.co/TPQoEpxtCH
#Ad
#Amazon",1.3111452952590746e+18
2,2020-09-30 03:20:08,CoolDealCA,"2 Pack Premium Plush Pillow for $19.99!! 

#freebies #deals #deal #moneysaver #greatdeal #steals #discount #sale #bargain #bargainhunter #cheap #bestprice #Amazon  #Deals #giveaway #Deal #ganga

 https://t.co/XltZOqVQf6 https://t.co/UlLzgQa9Hg",1.311143768184193e+18
3,2020-09-30 03:23:48,rus_zanas,"「Qoo10」、後払いサービス「Paidy」を導入 メアドと携帯電話番号だけで翌月まとめて決済
https://t.co/85TwV85IwM

#EC
#ネットショップ
#運営代行
#コンサル
#広告運用
#サイト構築
#マーケティング
#SEO対策
#Qoo10
#Paidy
#楽天
#Yahoo
#aupayマーケット
#Amazon",1.3111446904695808e+18
4,2020-09-30 03:24:16,lanoticia,"Amazon siempre un paso adelante ✅ 

Con este nuevo modelo se podría eliminar el pago en efectivo 💵🚫

#AmazonOne 
#Amazon 

https://t.co/ItvY4jN7oi",1.311144807063081e+18
5,2020-09-30 03:21:45,ZeeNewsEnglish,"#Allahabad High Court rejects PIL seeking ban on broadcast of #Amazon Prime web series 'Pataal Lok'
https://t.co/pLbawzC3f8",1.311144173576151e+18
6,2020-09-30 03:18:43,Designcreateall,クリエイティビティに必要な側面のひとつに「失敗を恐れない」がある。（エドウィン・H・ランド） #amazon #design #brand,1.3111434117522145e+18
7,2020-09-30 03:25:13,SinghSR6,#AmazonQuiz..#AmazonIndia.#Amazon I played this interesting Quiz on Amazon-Play games at Amazon FunZone  https://t.co/ub904kBwA7,1.3111450445947576e+18
8,2020-09-30 03:19:16,DaisyKikuno,"Amazonのレビュー
#クレヨンしんちゃん #しんちゃん #クッション #Amazon #レビュー
https://t.co/wt6r6w3Rht",1.311143549291737e+18
9,2020-09-30 03:22:39,EmpowerAuthors,"Professor Hemmanth (Herman) Singh explains how he found the self-publishing experience as a 1st-time author. 

https://t.co/WtpR11UkqP

#publishing #selfpublish #amazon #kindle #kindlebooks #myebook",1.3111444013521674e+18
10,2020-09-30 03:17:31,Bin01755677,"1.超音波駆除器
2.防災ラジオ
3.ノートPCスタンド
4.帯 スタンド
#兼职 
#悬赏
#副业
#レビューアマゾンテスト
#無料商品 
#全額返金 
#ギフトカード 
#Amazon https://t.co/fGjJSFWGYu",1.311143109879722e+18
11,2020-09-30 03:19:46,ChristyANJax,The Jacksonville Sheriff‘s Office confirms the shooting happened inside the fulfillment center. It raises security questions. How was someone able to bring a gun inside the building? That’s something we are asking #Amazon. @ActionNewsJax https://t.co/hJiQOBqD9o,1.3111436749197517e+18
12,2020-09-30 03:24:33,MEDIABOXSTORE,#FIND THE BEST #PRIZE ON #AMAZON: Consigue el mejor precio en tus productos con esta… https://t.co/56x8d67yGX,1.311144878806569e+18
13,2020-09-30 03:18:12,ykswld,SALONIA サロニア ストレートヒー...今売れています！https://t.co/5SyIrEdY94 #follow #sougo #Amazon #アマゾン,1.3111432783147704e+18
14,2020-09-30 03:23:16,justinwhitmore2,Next Gen Switch aka Split Pad Pro has the PAC-Man theme at Amazon! #PacMan #NintendoSwitch #NextGen #Amazon @amazon @amazonnews @amazongames https://t.co/kolvRuapnh,1.3111445535383552e+18
15,2020-09-30 03:18:02,Tux_Love,Edge-of-the-seat reads. #AuthorRT #Apple #Mystery #Amazon #IndiePub #author https://t.co/8fgcX3mTBK,1.3111432386490941e+18
16,2020-09-30 03:26:31,XperienceDope,"Blasting KenyaShaylen - In My Bag right now on Pretty Dope Xperience Radio aka #BlackPandora

listen now and catch a wave!! https://t.co/VqKFopeoex  #nowplaying #np #RT  #NowStreaming #Streema Download Now #Alexa #GooglePlay #iOSAppStore #Amazon #",1.3111453732941128e+18
17,2020-09-30 03:25:54,dogmapua666,"少し重くなってもいいならブルーバックスのこちら。この方は文章がわかりやすく面白い。

進化しすぎた脳―中高生と語る「大脳生理学」の最前線 (ブルーバックス) https://t.co/vHGPr0Lri8 #Amazon",1.3111452196230676e+18
18,2020-09-30 03:25:48,rakten_kaden_,"09/30 12:25

ダイキン ストリーマ 空気清浄機 MC55W-W 
【楽天】36800円
【Amazon】42500円

★楽天で購入すると★
 5700円 お得（お得率15％）

↓お得な情報を一覧で確認出来るサイト
https://t.co/kMQYxgL6Rh

#楽天市場 #Amazon #お得 #せどり https://t.co/tkVrEnOuIu",1.311145191399547e+18
19,2020-09-30 03:18:18,Mateusncalegari,"@JoeBiden, o Brasil não quer esmolas. Guarde-as, nós temos soberania, aqui a esquerda não cresce mais. 
@realDonaldTrump é um grande parceiro da nossa nação, caminhará junto com @jairbolsonaro.
E outra coisa, a AMAZÔNIA É DO BRASIL! #Amazon #Brazil #soberania #EsquerdaNuncaMais",1.311143304839549e+18
20,2020-09-30 03:24:57,creativemm12,"#AVIDLOVE の Avidlove レディース ランジェリーセット ガーターベルト付き レースブラ パンティセット ストラップ ベビードール テディ衣装 US サイズ: Small カラー: ブラック
https://t.co/16YGvBJzJb 
#相互フォロー100
#온라인셀러
#amazon
#Cleveland #Indians
#Life #BBC #drama
#踩",1.3111449769574154e+18
21,2020-09-30 03:18:28,RedEyedRocker,"Last Chance! Would you like to win a $50 Amazon Gift Card or PayPal Deposit? Check out this easy entry Gleam giveaway for a chance to #WIN

Open Worldwide

@GooseGiveaways #wingiftcard #wincash #amazon #paypal #winmoney #sweepstakes #giveaways https://t.co/qZ1gu6KLrH",1.3111433483636204e+18
22,2020-09-30 03:26:54,66666AYU,"Amazonの出産お試しBOX届いた😍
最初は品切れってなってたけど、こまめにチェックして在庫ありってなったからすぐ頼んだ！！
これで無料は素晴らしい😆✨

#ママ垢さんと繋がりたい 
#Amazon
#Amazon出産お試しBOX
#懸賞好きな人と繋がりたい https://t.co/OcsMTWcIGw",1.3111454712309228e+18
23,2020-09-30 03:19:00,BEST300BOT,マーラー／交響曲第９番　【第１位】⇒https://t.co/nXdd7Zyeyx #amazon #bot　【第３位】カラヤン指揮ベルリンpo〈82〉⇒https://t.co/3qlwUIJtgz,1.3111434832902062e+18
24,2020-09-30 03:23:31,henjin_desuga,BMC フィットマスク レギュラーサイズ 白色 30枚入 https://t.co/EtenQjT9Gr #Amazon,1.311144618617004e+18
25,2020-09-30 03:17:41,monsuto_daikou1,"【Amazonギフトカードプレゼント】
20000円分のAmazonギフトプレゼント
【応募方法】
フォロー&amp;リツイート
で完了
【当選について】
当選者にDMでご連絡します
毎日抽選
#Amazon
https://t.co/UhKdEdqNGl",1.311143151076221e+18
26,2020-09-30 03:19:37,gitaro9,"https://t.co/P7RD9Lj58O
#ibiza #electro #techno #club #テクノ #art #popart #芸術 #絵 #soundcloud #music #beatport #itunes   #絵画 #アート #写真 #photo #spotify #東京 #大阪 #福岡 #amazon  #Apple Music   #Google Play Music #RecMusic #AWA 
#LINE MUSIC #Amazon",1.3111436377244836e+18
27,2020-09-30 03:21:37,AuthorJDumas,"YEAH!! IT’S HUMPDAY!

#WritingCommunity this calls for a #Writerslift!

Drop your , #book, #art, #poetry, #website below.

Let's #RT and support each other’s work by #following and #sharing.

Pre-Order Now: https://t.co/il0tklikdS

#writerslife #books #kindle #ebooks #Amazon",1.3111441418045235e+18
28,2020-09-30 03:18:12,OSENBEI_sgsjs,"Amazonコミック版も書影反映されてる〜！裏表紙とかはまだ！

AGRAVITY BOYS 3 (ジャンプコミックス) https://t.co/FvReM2Czaf #Amazon",1.3111432806256845e+18
29,2020-09-03 18:26:48,LenovoLegion,"Lenovo Legion x @PlayApex
Now is your chance to rise above the rest. 
Unmatched performance, purposeful engineering, modern design.
Gear up with a machine as savage as you are.
Stylish outside.
Savage inside.",1.301587465258578e+18
30,2020-09-30 03:22:56,RothwellMrs,Every dollar you spend is a vote for the world you want to live in.  SUPPORT LOCALLY OWNED AND OPERATED STORES.  @JeffBezos does not need your money. #boycottamazon #amazon #primeday https://t.co/u03gzhRS05,1.3111444693082808e+18
31,2020-09-30 03:20:47,rakten_kaden_,"09/30 12:20

《レビュー書いて洗濯ネットプレゼント★》洗濯機 5
【楽天】20980円
【Amazon】22500円

★楽天で購入すると★
 1520円 お得（お得率7％）

↓お得な情報を一覧で確認出来るサイト
https://t.co/kMQYxgL6Rh

#楽天市場 #Amazon #お得 #せどり https://t.co/1fh6MyE1c5",1.3111439313928315e+18
32,2020-09-30 03:21:01,Androidheadline,Save $50 On An Annual Audible Subscription In This Early Prime Day Deal https://t.co/m8wa76unao  #audible #amazon,1.3111439874457272e+18
33,2020-09-30 03:18:05,DaisyKikuno,"アメブロを投稿しました。
『Amazonのレビュー』
#アメブロ #クレヨンしんちゃん
#しんちゃん
#クッション
#Amazon
#レビュー

 https://t.co/XnttaRlwUU",1.31114324935288e+18
34,2020-09-30 03:16:02,Karlie27x36cm,#BoycottCCP #LocalEntrepreneur #Visa #MasterCard #Amazon https://t.co/NyyJOYVqsA,1.3111427332732764e+18
35,2020-09-30 03:20:31,cshell202,GIVEAWAY! Enter to #win a $10 #Amazon gift card? Go enter the #giveaway daily for your chance to win from @ thatsjustjeni Go enter   https://t.co/yoqcpgwDiM,1.311143863818416e+18
36,2020-09-30 03:17:09,SolTaylorRdL,"¿Cómo te quedarías al descubrir que el apuesto hombre con el que llevas bailando toda la noche es en realidad un príncipe?

enlace: https://t.co/jVFreUP5bg

#IARTG #romance #kindle #KindleUnlimited #romantica #erotica #amor #BestSeller #eBooks #Amazon #erotica #leer #romance https://t.co/4ytJ5lpPhY",1.311143016766337e+18
37,2020-09-30 03:25:01,Vaibhav52403887,"I played this interesting Quiz on Amazon-Play games at Amazon FunZone  https://t.co/xOI0MQVvAA
#Amazon 
#AmazonQuiz 
Wish to win... https://t.co/RtJGbAFKFr",1.3111449942295593e+18
38,2020-09-30 03:17:01,hobo_non,ブログを更新しました。　#わらかる #プロテイン #ビーレジェンド #Amazon #レビュー　https://t.co/iVrvr4nVRN名前がグイグイ攻めてきてるプロテイン/,1.3111429812572365e+18
39,2020-09-30 03:25:34,THREEBLUE2,"Switch Lite
大分値段落ち着いて来ました💦

Amazon
▶️https://t.co/C6EV2WGPWB

あつ森アプデ✨
楽しみですね✨

▶️https://t.co/ZcoTfcIMEE

#あつまれどうぶつの森         
#あつ森 
#Switch  #スイッチ #Amazon",1.3111451327631729e+18
40,2020-09-30 03:26:55,TheHazelMonroe,"Get all hot and bothered by watching Riley and Roman fall in love through their sexy edge wars free on Kindle Unlimited! Leave a review if you love it!  #amazon #books #KU #kindleunlimited #kindle #ebook #erotica #sexy #read #WritingCommunity #bookboost
https://t.co/57HWez3KQ3",1.3111454745571205e+18
41,2020-09-30 03:25:08,CoolDealCA,"3.5Bar Espresso Coffee Maker for $39.99!!

#freebies #deals #deal #moneysaver #greatdeal #steals #discount #sale #bargain #bargainhunter #bargainshopper #cheap #bestprice #Amazon  #Deals #giveaway #Deal #ganga

 https://t.co/0hq5uNCjL0 https://t.co/hjFvipyyri",1.3111450229103534e+18
42,2020-09-30 03:25:32,milooo,Amazonほしい物リストhttps://t.co/jQxm5lTr0V #Amazon,1.3111451266730885e+18
43,2020-09-30 03:18:47,XperienceDope,"Blasting Deezo Woods Feat. Rich Jame$ - NO LIES right now on Pretty Dope Xperience Radio aka #BlackPandora

listen now and catch a wave!! https://t.co/VqKFopeoex  #nowplaying #np #RT  #NowStreaming #Streema Download Now #Alexa #GooglePlay #iOSAppStore #Amazon #",1.311143425685762e+18
44,2020-09-30 03:21:42,jenkers_en,Reported shooting at #Amazon facility in #Florida https://t.co/OgGC4P2fPh https://t.co/Hodx1CYDqk,1.3111441588669522e+18
45,2020-09-30 03:21:47,Amazon76380486,"https://t.co/2B9gTwQ1MO
#ad
#Amazon",1.3111441829883126e+18
46,2020-09-30 03:26:27,z1mmy,"ASUS NVIDIA GeForce RTX 3080 搭載 トリプルファンモデル 10G TUF-RTX3080-O10G-GA... https://t.co/nSoiusLkNH #Amazon
tuf ボーイ　出てます",1.3111453566886707e+18
47,2020-09-30 03:22:54,_mis_ter_e_,"Make #Superman LEGO portraits !

#HenryCavill #christopherreeve #batman #benaffleck #dcfandome #JusticeLeague #JusticeLeagueSnyderCut #JusticeLeagueTheSnyderCut #amazon #kindle #kindlebooks #kindleunlimited #dccomics
https://t.co/zTZgg0RgVe",1.3111444639353815e+18
48,2020-09-30 03:26:25,r_sergeant,Join me in asking @FP_Champagne not to reward the destruction of the #Amazon! 🔥🔥 Immediately halt the Canada-Mercosur free trade deal &gt;&gt; #ActForAmazon #ClimateAction @GreenpeaceCA https://t.co/xui9WCIjfP,1.3111453495543357e+18
49,2020-09-30 03:19:49,rxm1394b,"注意喚起
amazonを語るフィッシングメールが来ましたので注意喚起としてアップします。
それらしく書いてあるけど宛先がいい加減だしリンク先のURLも
「https://t.co/vhwFGyCerJ」(先頭はhttps:)と変なアドレスだし。

amazon利用している人引っかからないようにしてください。

#amazon
#フィッシング https://t.co/a3GtEi4iI9",1.311143685770195e+18
,date,screen_name,tweet,tweet_id
0,2020-09-30 03:09:46,yojuanfernandez,"Excelente serie.
Realmente recomendada al 100%
Emocionante!!!

Y una gran #soundtrack 

#AmazonPrime #ThisIsUs #Serie #loscuatrofantasticos #familia #encuentro #Amazon https://t.co/ZI1kdUjspM",1.3111411576493834e+18
1,2020-09-30 03:07:56,Amazon76380486,"https://t.co/bynU6IBBHq
#ad
#Amazon",1.3111406973330186e+18
2,2020-09-30 03:13:30,Amazon76380486,"https://t.co/6fGWjTAC0o
#ad
#Amazon",1.3111420972155167e+18
3,2020-09-30 03:14:49,dogmapua666,"脳科学勉強したいなら池谷先生の本がわかりやすい。これは高校生向きで文庫だから安くて読みやすい。

受験脳の作り方―脳科学で考える効率的学習法 (新潮文庫) https://t.co/9GyuniNTSD #Amazon",1.311142429316137e+18
4,2020-09-30 03:10:20,XperienceDope,"Blasting https://t.co/bv8UuEIHb3 - Join the Convo right now on Pretty Dope Xperience Radio aka #BlackPandora

listen now and catch a wave!! https://t.co/VqKFopeoex  #nowplaying #np #RT  #NowStreaming #Streema Download Now #Alexa #GooglePlay #iOSAppStore #Amazon #",1.311141300679344e+18
5,2020-09-30 03:09:34,TERUNZO,"【NEW】Amazon Echo Auto ビジネス編 — Amazon Japan Official
https://t.co/ffVuCW6BbM

“忙しい朝も、車を運転しながらハンズフリーで音楽の再生やニュースの確認、通話やスケジュール管理などが可能です。”

#AmazonechoAuto #EchoAuto #Amazonエコー #Amazon",1.311141108630528e+18
6,2020-09-30 03:08:28,gaoqiaomeizhi,"暖かい製品 返金方法：PayPal、Paypay、LINE Pay、Amazonギフト券など。
ご興味がございましたら、ご遠慮なくご連絡してください。Smiling face with 3 hearts
#アマゾンレビュー #アマゾン #amazon #レビューア #アマゾンレビュー募集 #レビュー #無料商品  #Amazonレビュー募集 https://t.co/fORmekZP55",1.3111408296254177e+18
7,2020-09-30 03:09:56,creativemm12,"👉https://t.co/zdCsJgjfSG #amazon👈
💯👉Auto Follower👈💯
💯👉#自動相互フォロー👈💯

#1000ADay
#Bad #Bunny #Crocs
#National #Coffee #Day
#Brett #Rypien
#固定RT
#固定ツイートRT
#1000ADay
#TeamFollowback
#相互リツイート
#TFB
#相互フォロー100
#相互RT",1.3111412006955008e+18
8,2020-09-30 03:13:43,MrBookNarrator,Fall in love with James as you follow him through his life...  I did.  #EscapeFromMilltown #Audible #AudioBook #AmReading #JamesRobersonNovels #Amazon #MrBookNarrator See more: https://t.co/Dt8oViRavc https://t.co/3DLVAIXUfc,1.311142151435088e+18
9,2020-09-30 03:07:58,Clem_A_Kaos,#Bolsonaro is holding a loaded gun to the Earth's head and squeezing the trigger by destroying the #Amazon.  #TheRealDonaldJTrump  will spinelessly let him kill us all. #JoeBiden will not. #FaceTheClimateEmergency #LoveEarthAsYourself,1.3111407036706202e+18
10,2020-09-30 03:13:34,ChristyANJax,We’re starting to see people leave the #Amazon facility. @ActionNewsJax https://t.co/zlGXW5Xu81,1.3111421151125545e+18
11,2020-09-30 03:10:16,Cafe_latte_Tea,"#Amazon の #ポッドキャスト って
こういうことか！

Prime Music んトコにラジオ的なのが登場してる
12:10には YouTubeラジオだけど https://t.co/GgdcHgBJxI",1.3111412817629512e+18
12,2020-09-30 03:15:16,AncapGroup,#CuentaBancaria #CuentaEnElExterior #Personal #Empresarial #Compañía #LLC #Empresa #Emprendedor #Emprendedores #Ecommerce #Amazon #Freelancer #YouTube #PayPal #Trading #Inversiones #AFIP #Impuestos #Cepo #Dólar #Argentina,1.311142543254487e+18
13,2020-09-30 03:15:00,Haidji,"Book Quote: ""I kissed the ground because..."" Click  on https://t.co/hKNCp1wM5H #gratitude #life  #quoteoftheday #quotes #kindleunlimited #bookquotes #read #ebook #ku  #paperback #amazon  #inspiration #haidji #goodreads #books #read #reading #Booklover #book https://t.co/bJsgd9THpO",1.3111424740779336e+18
14,2020-09-30 03:15:46,rakten_kaden_,"09/30 12:15

【pickup★item】IHクッキングヒーター 
【楽天】4580円
【Amazon】4748円

★楽天で購入すると★
 168円 お得（お得率4％）

↓お得な情報を一覧で確認出来るサイト
https://t.co/kMQYxgL6Rh

#楽天市場 #Amazon #お得 #せどり https://t.co/vwa5DWL8P6",1.3111426692681318e+18
15,2020-09-30 03:11:19,DrewSella1027,"If $AMZN with USPS has problems delivering my package, than how do we expect mail in voting to work. 

Oh wait, it can’t, frailest acts will be conducted 

#MailInVotingFraud #VOTE #PresidentialDebate #Debate2020 #Trump2020 #2020debate #Amazon #USPS #HunterBidenRussia https://t.co/u5J1vERT4B",1.311141546373378e+18
16,2020-09-30 03:10:46,rakten_kaden_,"09/30 12:10

トヨトミ　対流式石油ポータブルストーブ　レインボー
【楽天】23800円
【Amazon】27644円

★楽天で購入すると★
 3844円 お得（お得率16％）

↓お得な情報を一覧で確認出来るサイト
https://t.co/kMQYxgL6Rh

#楽天市場 #Amazon #お得 #せどり https://t.co/NUTV2L0bzW",1.311141409299202e+18
17,2020-09-30 03:12:01,Mic_Snow12,"Last Chance! Would you like to win a $50 Amazon Gift Card or PayPal Deposit? Check out this easy entry Gleam giveaway for a chance to #WIN

Open Worldwide

@GooseGiveaways #wingiftcard #wincash #amazon #paypal #winmoney #sweepstakes #giveaways https://t.co/S1xw2kTBVS",1.3111417257510584e+18
18,2020-09-30 03:15:50,_ELENOA_,【Amazon】電動鼻水吸引器 ELENOA エレノア 【赤ちゃんに最適】【日本製】  https://t.co/K5iDOLxCyD #鼻吸い #鼻水吸引 #鼻汁吸引 #Amazon,1.311142684464042e+18
19,2020-09-30 03:11:38,deadpoolsgaming,"Highly recommend @PlaySpellbreak out to EVERYONE! 

#gamer #deadpool #deadpoolgaming #gaming #marvel #twitch #facebookgaming #facebook #amazon #streaming #streamer #deadpoolisonline #online #chimichanga #unicorn #spellbreak https://t.co/6dv5Id6sGz",1.3111416260273562e+18
20,2020-09-30 03:15:04,readangelakay,Preorder now before price goes up on release day! #Amazon #ComingSoon #MustRead #Sale https://t.co/zNuRUWW0os https://t.co/2LW8fdbogq,1.311142491014533e+18
21,2020-09-30 03:12:17,prof_xico,"Esperei muito, mesmo. Ver #Trump rebatendo #Biden por causa da #FlorestaAmazonica, #rainforest.

#Amazon or #Bolsonaro?
#Amazonia ou #BolsoNero? https://t.co/DfhYZErizj",1.311141789064196e+18
22,2020-09-03 18:26:48,LenovoLegion,"Lenovo Legion x @PlayApex
Now is your chance to rise above the rest. 
Unmatched performance, purposeful engineering, modern design.
Gear up with a machine as savage as you are.
Stylish outside.
Savage inside.",1.301587465258578e+18
23,2020-09-30 03:14:56,SinghSR6,.#AmazonQuiz...#AmazonIndia....#Amazon..I played this interesting Quiz on Amazon-Play games at Amazon FunZone  https://t.co/xC7HtfTLA5,1.311142458948952e+18
24,2020-09-30 03:08:32,sougo_review,"アクセスの多いサイトを持つとレビュー依頼が来ることがある

#Amazon #レビュー #アマゾン #副業 #アマゾンレビュー #amazonレビュー #レビュー募集 #レビューアー #レビュー募集",1.3111408463438643e+18
25,2020-09-30 03:13:26,DaisyKikuno,休憩行きたい時は事前に言うようにします（後で文句言われても困るので）昼休憩、お待ちかねの海老カツサンド😋💕💕💕美味しかったです😆先週買った #クレヨンしんちゃん  #しんちゃん  #クッション  #Amazon の #レビュー が投稿されました😄この他にもぶりぶりざえもんやシロもありますよ😄 https://t.co/mRayOH1Oy8,1.311142081864196e+18
26,2020-09-30 03:15:51,Websystemer,"How To Become An AWS Certified Solution Architect (Associate Edition) - https://t.co/ygBwh75Zn9

 #amazon #aws #cloudcomputing #graduate #howto https://t.co/9iMZSJ6VxN",1.3111426896483738e+18
27,2020-09-30 03:08:07,Vinayak85386940,#amazon quiz https://t.co/06blz01h3q,1.3111407437805527e+18
28,2020-09-30 03:14:25,Lcj5665,"@homefirstindia Ans 1.Pradhan Mantri Awas Yojana 
Ans 2.Equated Monthly Installment 

#Contest #ContestAlert #win #play #answers #AmazonVoucher #Amazon #WINNER  #HomeFirst @homefirstindia 
Join
@Pareek197 
@imPalak18 
@AartiPareek6 
@Sunitapareek312 
@Jay_parmar17 
@pareek198 
@cool_bindra",1.3111423264634184e+18
29,2020-09-30 03:09:30,periodicoaragon,'#Borat 2' se lanzará en #Amazon Prime antes de las elecciones presidenciales de #EEUU https://t.co/cEeMWOiRNe,1.3111410920882545e+18
30,2020-09-30 03:13:30,thackshaw,#Amazon has announced the dates for #PrimeDay - October 13 &amp; 14 2020 #PrimeDay2020 2020https://www.cnn.com/2020/09/28/cnn-underscored/amazon-prime-day-2020/index.html,1.3111420976012984e+18
31,2020-09-30 03:10:02,ladyarcher1,"Enjoy a captivating and powerful romance. Grab your copy today. Available on paperback/Ebook  FREE on KU.
Freedom  https://t.co/lbU1fRNTqh 
#romance #contemporary #bookbub #goodreads #amazon #kindle #Amazonbooks #womensfiction #KBWorlds https://t.co/VuLsgwJtGI",1.3111412253916856e+18
32,2020-09-30 03:15:42,nuigurumi117,"童心オリジナル 日本製 リアルな犬のぬいぐるみ プレゼント ギフト 置物 装飾 (クロ柴犬 這い) https://t.co/xSDPn8rg9Z #Amazon
柴犬も人気ですが黒柴も負けず大人気シリーズです‼️",1.3111426510354842e+18
33,2020-09-30 03:13:56,ys_z0tn4r,"Amazon 家具のレビューを募集しています。
Amazonギフト券での購入・返金のみです😲😲
🥰🥰対応が良かったセラーさんは拡散しますよ🥰🥰

DMで商品の画像を送ってください。
※必ず購入するわけではないのでご了承ください　　
#アマゾンレビュー ＃Amazon
＃Amazonレビュー募集
#アマゾンレビュー募集",1.3111422052313088e+18
34,2020-09-30 03:12:31,MadnessThePart2,"Check out our believe shirt. Get it here: vinny https://t.co/7crw2FJReT #unicorn #bigfoot #aliens #funny #redbubble #amazon #shirt #space #halloween #horror #scary @ Fresno, California https://t.co/0L7zZiia7y",1.3111418513538007e+18
35,2020-09-30 03:15:02,CloudChangelog,Amazon Braket now offers D-Wave's Advantage quantum system for quantum annealing https://t.co/FtsZIWfEkD #AWS #Amazon,1.3111424826132398e+18
36,2020-09-30 03:15:38,crazycatdame,I love a hero and @Donna_Michaels has a great new one. Help me win #Amazon GC @FreshFiction - just share https://t.co/wmhqJyQOtT,1.3111426327483924e+18
37,2020-09-30 03:09:21,CH_Kein,"最安値狙いとまでいかなくても、自分の納得の行く価格だったら迷わずポチれば良い話しですが #Amazon の価格が毎日のように変動(10〜30%の振り幅はざら)するの勘弁って思ったけれど、スーパーのタイムセールや曜日特価とかと変わらないと思えて少し冷静になれた。

#節約生活",1.3111410534209044e+18
38,2020-09-30 03:15:12,XperienceDope,"Blasting Black Pioneers - 16 packs right now on Pretty Dope Xperience Radio aka #BlackPandora

listen now and catch a wave!! https://t.co/VqKFopeoex  #nowplaying #np #RT  #NowStreaming #Streema Download Now #Alexa #GooglePlay #iOSAppStore #Amazon #",1.3111425254119547e+18
39,2020-09-30 03:13:16,creativemm12,"👉https://t.co/fEA8py0k25 #amazon👈
💯👉Auto Follower👈💯
💯👉#自動相互フォロー👈💯

#TFB
#Titans
#National #Coffee #Day
#Brett #Rypien
#相互RT
#followermachine
#相互フォロー100
#FollowBack
#followergenerator
#500ADay
#bts
#seventeen",1.3111420367125176e+18
40,2020-09-30 03:11:13,Clem_A_Kaos,#Bolsonaro is holding a loaded gun to the Earth's head and squeezing the trigger by destroying the #Amazon.  #TheRealDonaldTrump  will spinelessly let him kill us all. #JoeBiden will not. #FaceTheClimateEmergency #LoveEarthAsYourself,1.3111415247559311e+18
41,2020-09-30 03:13:56,ecocfusco,Join me in asking @FP_Champagne not to reward the destruction of the #Amazon! 🔥🔥 Immediately halt the Canada-Mercosur free trade deal &gt;&gt; #ActForAmazon #ClimateAction @GreenpeaceCA https://t.co/MxKawojIvh,1.311142206405841e+18
42,2020-09-30 03:10:46,EaTheRichhhhhhh,"Bezos just made $4,475,885 #Amazon #Bezos #Eattherich",1.3111414096012616e+18
43,2020-09-30 03:13:09,berelvis2,"Last Chance! Would you like to win a $50 Amazon Gift Card or PayPal Deposit? Check out this easy entry Gleam giveaway for a chance to #WIN

Open Worldwide

@GooseGiveaways #wingiftcard #wincash #amazon #paypal #winmoney #sweepstakes #giveaways https://t.co/1xLaJowLdd",1.3111420103053435e+18
44,2020-09-30 03:11:03,itsrathee8281,"https://t.co/ItzysOse6C

Watches on Amazon on good price
#Amazon #watches
@itsrathee8281 @Nishu__Tiwari @Imrose45 @fantasylady65 @Patakaa_Kudi @Real_Jai21 @Eksreyk @RishikaStar @drnidhisingh12 @realDrIshita @Navya_Says_ @doctorrichabjp @ajjualmora @naveen11105 @corona_veru",1.3111414822129418e+18
45,2020-09-30 03:15:02,Joseph_Santoro,"Well… the coked-up psycho tyrant dictator-wanna-be Trump ruined the #Debate2020 with his #TrumpTantrum, so here's #PrimeDay2020 #Deals that are already here for some self-soothing #RetailTherapy…

https://t.co/YBLczXEFR7 #PrimeDay #Amazon #Retail #eCommerce",1.311142482613334e+18
46,2020-09-30 03:13:17,mikethemovieguy,"#TheLastNarc on #AmazonVideo is a must watch. 📺⁣
.⁣
#amazon #documentary #docuseries #1985 #DEA #enriquekikicamarena #mexico #washingtondc #narcosmexico #netflix #series #streaming @ Sugar Land, Texas https://t.co/itPloXsTJ5",1.311142043067003e+18
47,2020-09-30 03:11:20,schiekapedia,Impulse @amazon purchase. This should be fun for working out page ideas though. #comics #comicbooks #makecomics #makingcomics #impulsebuy #shopping #amazon https://t.co/scMeJZ85Yc,1.3111415532770263e+18
48,2020-09-30 03:13:16,da_da_dunkirk,ストーリー・オブ・マイライフ/わたしの若草物語 ブルーレイ&amp;DVDセット(初回生産限定) [Blu-ray] https://t.co/qP4gu7L4Ql #Amazon,1.3111420401224868e+18
49,2020-09-30 03:13:03,Siddhan27528469,I played this interesting Quiz on Amazon https://t.co/fYt2m6oEfh #Amazon,1.3111419829625487e+18
,date,screen_name,tweet,tweet_id
0,2020-09-30 03:05:02,CloudChangelog,"AWS Marketplace launches Discovery API, making it easier to discover relevant third-party software and data products https://t.co/z5TKrpLdws #AWS #Amazon",1.311139964994949e+18
1,2020-09-30 03:01:56,sheffdeals,"💥DON'T MISS AMAZON PRIME DAY💥

SIGN UP FOR AMAZON PRIME FREE TRIAL TODAY!

Trial last for 30 days - Prime Day Oct 13-14th

Click Link Below👇
https://t.co/uVmStlUeMJ

#deals #PresidentialDebate2020 #Debates2020 #debates #technology #amazon #developers #techtwitter #sheffdeals https://t.co/0hQGsq7RO3",1.311139188537004e+18
2,2020-09-30 03:03:09,sheffdeals,"Dell 23.8"" IPS Full HD (1920x1080) Monitor for $129.99

Click Link Below👇
https://t.co/mR9GsRFFtb

#deals #amazon #amazonprime #PresidentialDebate2020 #Debates2020 #debates #BlackTechTwitter #techtwitter #developers #Election2020 #tech #Apple #twitch #gamers #ps5 #sheffdeals https://t.co/sKnfHwi8C2",1.3111394911266652e+18
3,2020-09-30 03:03:06,zoncoinkakak,"9月30日(水)のAmazonコイン価格

50,000：¥41,000 (-18％)
 → https://t.co/5UoGwaIVb9

10,000：¥8,400 (-16％)
 → https://t.co/DvGaflIfqL

5,000 ：¥4,300 (-14％)
 → https://t.co/YSAFCS9WZ2

課金を賢く、効率的に！
#Amazon #Amazonコイン
#ツムツムランド",1.3111394780530278e+18
4,2020-09-30 03:00:37,yuki_nagase,"【シミュレーションゲーム】ベスト10
真実の大和|ダウンロード版
https://t.co/BVd7bxnorF #Amazon",1.3111388564192584e+18
5,2020-09-30 03:05:43,kana_ogawa,"【スポーツゲーム】ベスト10
Real Racing 3
https://t.co/vfcLJaX8jc #Amazon",1.3111401376407142e+18
6,2020-09-30 03:06:31,H2K98,"「経済的弱者はさらに弱者へと転落する」GAFAが牛耳る“コロナ後の世界”の暗すぎる未来――文藝春秋特選記事
スコット・ギャロウェイ教授に聞く #amazon #GAFA #文藝春秋 #文春オンライン https://t.co/Of0Qixox9s",1.3111403404814172e+18
7,2020-09-30 03:05:43,brunoboni,"Pessoal rindo dos U$20bi do #Biden para as florestas pluviais... pensem bem, basta pegar os dólares e compostar! #PresidentialDebate #brazil #amazon #rainforest",1.3111401381063926e+18
8,2020-09-30 03:05:40,Mundo__News,"Veja:
#Biden #Trump #Amazonia #Amazon #Debate2020 #Discussion #debate #Incendios #Brasil #USA #DebatePresidencial https://t.co/9cPjbUHuDn",1.311140124122583e+18
9,2020-09-30 03:05:46,rakten_kaden_,"09/30 12:05

パナソニック【Panasonic】卓上IH調理器 
【楽天】7900円
【Amazon】7902円

★楽天で購入すると★
 2円 お得（お得率0％）

↓お得な情報を一覧で確認出来るサイト
https://t.co/kMQYxgL6Rh

#楽天市場 #Amazon #お得 #せどり https://t.co/tZA7psvxDR",1.311140149405692e+18
10,2020-09-30 03:00:45,rakten_kaden_,"09/30 12:00

【在庫有】【送料無料】 THANKO/サンコー お
【楽天】5880円
【Amazon】5980円

★楽天で購入すると★
 100円 お得（お得率2％）

↓お得な情報を一覧で確認出来るサイト
https://t.co/kMQYxgL6Rh

#楽天市場 #Amazon #お得 #せどり https://t.co/1LdvknVVkT",1.311138889373868e+18
11,2020-09-30 03:05:48,EInvestidor,"Bem-vindo ao possivelmente útil e também possivelmente assustador futuro dos cuidados com a saúde. https://t.co/1xWbEnBWZv

#Amazon #halo",1.3111401584948675e+18
12,2020-09-30 03:03:05,AuthorOSanchez,"They will face an enemy unlike any other...

https://t.co/3ajEoeY3WJ
#amazon #kindle #99cents https://t.co/enyZMJiLyi",1.3111394766185964e+18
13,2020-09-30 03:05:06,kana_ogawa,"【スポーツゲーム】ベスト10
ボルダリングレース 【日本おもちゃ大賞2019 コミュニケーション・トイ部門 優秀賞】
https://t.co/taL3jzsM2H #Amazon",1.311139982946394e+18
14,2020-09-30 03:00:48,yuki_nagase,"【シミュレーションゲーム】ベスト10
激闘!ソロモン海戦史DX文庫版ユーティリティーパック|ダウンロード版
https://t.co/FYAN5kVGct #Amazon",1.3111389004929925e+18
15,2020-09-30 03:05:29,TheNewsDome,"'#Borat’ Sequel Acquired By Amazon Studios; Sacha Baron Cohen Film Will Bow On Prime Video Right Before Election Day

@PrimeVideo #borat2 #Amazon
#amazonPrime

 https://t.co/H0kZMfig2w",1.311140079989977e+18
16,2020-09-30 03:05:03,sheffdeals,"💥LG 50"" 4K Ultra HD Smart TV Alexa Built-In (2020) for $363.99; retail $399.99

Click Link Below👇
https://t.co/5wa8KTiGx3

#deals #amazon #amazonprime #PresidentialDebate2020 #Debates2020 #debates #BlackTechTwitter #ps5 #gamers #Election2020 #twitch #Apple #Xbox #sheffdeals https://t.co/M8oZDvhW2N",1.3111399704517386e+18
17,2020-09-30 03:03:27,XperienceDope,"Blasting Rappy Dooski - Might Be right now on Pretty Dope Xperience Radio aka #BlackPandora

listen now and catch a wave!! https://t.co/VqKFopeoex  #nowplaying #np #RT  #NowStreaming #Streema Download Now #Alexa #GooglePlay #iOSAppStore #Amazon #",1.3111395686121923e+18
18,2020-09-30 03:03:56,familyGSotoUSA,Ya por #Amazon #PrimeVideo #Cofradia con @gabrielsotoMEX #robertopalazuelos por todo #Latinoamérica 🎥🎞 #cine #cinemexicano 🍿🍿 https://t.co/orYPL7cocz,1.3111396907461222e+18
19,2020-09-30 03:05:01,kana_ogawa,"【スポーツゲーム】ベスト10
AOテニス 2 -Switch
https://t.co/5fy5OKStVz #Amazon",1.3111399609053225e+18
20,2020-09-30 03:05:27,kana_ogawa,"【スポーツゲーム】ベスト10
ツイスター 98831 正規品
https://t.co/uZVyaEHuGt #Amazon",1.3111400707331318e+18
21,2020-09-30 03:07:07,sheffdeals,"Wyze Cam 1080p HD Indoor Wireless Camera for $25.98

Click Link Below👇
https://t.co/IFpW5Oyw1x

#deals #amazon #amazonprime #PresidentialDebate2020 #Debates2020 #debates #BlackTechTwitter #techtwitter #developers #Election2020 #tech #Apple #twitch #gamers #ps5 #sheffdeals https://t.co/dSpDneBgco",1.3111404918876037e+18
22,2020-09-30 03:05:22,kana_ogawa,"【スポーツゲーム】ベスト10
人生ゲーム スポーツ
https://t.co/t4mzK3LGm9 #Amazon",1.311140048713085e+18
23,2020-09-30 03:03:20,amanatsu85,"いよいよきょう❗️発売です❗️

ガチガチの世界をゆるめる https://t.co/cWcRskqHqN #Amazon",1.311139538530517e+18
24,2020-09-30 03:00:43,yuki_nagase,"【シミュレーションゲーム】ベスト10
三國志14
https://t.co/3Og8u28sEN #Amazon",1.3111388784142295e+18
25,2020-09-30 03:05:32,kana_ogawa,"【スポーツゲーム】ベスト10
おもちゃ 子供玩具 子供 誕生日 クリスマス プレゼント DIY おもちゃ 組み立ておもちゃ 車セット 【国内から発送】
https://t.co/6aOAlkZyYw #Amazon",1.311140093541757e+18
26,2020-09-30 03:02:13,iamshivamoorthy,I played this interesting Quiz on Amazon https://t.co/9ZZgb7huzo #Amazon,1.3111392593157038e+18
27,2020-09-30 03:05:08,CoolDealCA,"Air Fryer  #Deals!!

2 Quart - 

4.2 Quart - 

#freebies #deals #deal #moneysaver #greatdeal #steals #discount #sale #bargain #bargainhunter #cheap #bestprice #Amazon  #Deals #giveaway #Deal #ganga

 https://t.co/y326QPbPfF https://t.co/n0Cz0LR2VH",1.3111399918049403e+18
28,2020-09-30 03:04:25,creativemm12,"&lt;Current Weather&gt;
New York
Temperature: 71.15°F/ Status: rain
👉https://t.co/WvR4Ds5o95 #amazon👈
💯👉Auto Follower👈💯
💯👉#自動相互フォロー👈💯

#f4f
#Titans
#Eric #Trump
#Brett #Rypien
#固定ツイートRT
#相互リツイート
#followtrick
#FollowNGain
#",1.3111398095455232e+18
29,2020-09-30 03:05:57,sheffdeals,"All-new Fire HD 8, 32 GB (2020) for $89.99

Click Link Below👇
https://t.co/VNhYyK0IrT

#deals #amazon #amazonprime #PresidentialDebate2020 #Debates2020 #debates #BlackTechTwitter #techtwitter #technology #tech #Apple #twitch #ps5 #developers #sheffdeals https://t.co/wMvzyML2gz",1.3111401959752786e+18
30,2020-09-30 03:05:00,books2delight,"We publish a variety of interesting #books listed on #amazon: #Architecture #Art #Biographies #Cooking #Health #Mathematics #Music #Nature #Politics #Religion and a variety of class-room tested books for #children.
Visit ➡️ https://t.co/MhgSITO6F4
#readers @WParksPublisher",1.311139959588483e+18
31,2020-09-30 03:01:09,WorldOfWaylon,"""By far the scariest book on my #Kindle!"" NIGHTMARE ESCAPADE! https://t.co/BtpK14yTyc #Horror #IndieAuthor #Halloween #Amazon #Vampire #Zombies #Thriller #Books #Ghosts #Supernatural #Fantasy #HalloweenReads",1.311138990859395e+18
32,2020-09-30 03:05:48,kana_ogawa,"【スポーツゲーム】ベスト10
アンパンマン あそんで体力・集中力UP! アンパンマン スポーツ育脳マット
https://t.co/z5V5f5iSJ8 #Amazon",1.311140159589462e+18
33,2020-09-30 03:05:37,kana_ogawa,"【スポーツゲーム】ベスト10
PS5コントローラー用FPSアシストキャップ【AIM SNIPER P5】
https://t.co/8Nrtcqx7Tl #Amazon",1.3111401154612838e+18
34,2020-09-30 03:01:11,TenikkaANjax,#JSO says got call just before 730 got call about shots fired at #Amazon. Found black man and woman shot.  Woman died at scene.  Man taken to hospital.  JSO says this was not active shooter &amp; not workplace violence. No threat to public. @ActionNewsJax @WOKVNews,1.3111389956493476e+18
35,2020-09-30 03:04:25,LaxmikantWaghm7,"Amazon Daily Quiz Answers - 30/09/2020 - Win Samsung Galaxy M21*
https://t.co/bfcubcWMvb
#Amazon #QuizTimeMorningsWithAmazon https://t.co/hKOyNQFB6Z",1.3111398134000148e+18
36,2020-09-30 03:01:25,darkcomlee1,"""Amazonレビュー募集中！！
商品代金は全額補償
ご興味ある方はぜひともご参加いただきたいです！
#amazon #アマゾン #レビュー #レビュアー #無料 #サンプル #試供品 #お試し #モニター  #新商品 #アマゾンレビュー #Amazonレビュー #レビュー募集"" https://t.co/JQvglpi3oF",1.3111390566553231e+18
37,2020-09-30 03:05:40,Vivamaba,"Feeling so blessed, have only 3 weeks and 4 days to go. Highly appreciate any advice or mom hacks! Check out my Amazon Baby Registry! https://t.co/vlHHwLxC8S #Amazon",1.3111401252213842e+18
38,2020-09-30 03:07:40,gaoqiaomeizhi,"レビュー募集しています
応募方法：フォロー/RT/コメント
返金方法：PayPal、Paypay、LINE Pay、Amazonギフト券など。
ご興味がございましたら、ご遠慮なくご連絡してください。🥰
#アマゾンレビュー #アマゾン #amazon #レビューア #アマゾンレビュー募集 #レビュー #無料商品  #Amazonレビュー募集 https://t.co/9xXhaFGAAa",1.3111406273131151e+18
39,2020-09-30 03:03:36,Saved_To_Serve,"Amazon One: Palm Payment. Mark of the Beast. Convenience of Technology Will Destroy Privacy &amp; Liberty
#Amazon #AmazonOne #MarkOfTheBeast #technology #privacy #Security
https://t.co/6W4Xrx3QDT",1.3111396061554033e+18
40,2020-09-30 03:01:49,ponchi_09,"ブランド和牛1頭買いギフト 肉贈 https://t.co/jqF6ZmCd4S #Amazon

これかな。。。。",1.3111391581030031e+18
41,2020-09-30 03:07:36,kimura_books,'ドキュメント・コミュニケーションの全体観 上巻 原則と手順' https://t.co/H18hp1xWT6 #books #amazon,1.3111406130608333e+18
42,2020-09-30 03:05:11,kana_ogawa,"【スポーツゲーム】ベスト10
みんゴル
https://t.co/S210QOP1y0 #Amazon",1.3111400048616325e+18
43,2020-09-30 03:02:11,Arjun25916048,"@Arjun25916048
@amazonIN
@Amazonquiztime
@amazon
Thank you for giving me the opportunity to win the Amazon spin and win, Quiz competition 
#AmazonSpinandWin 
#Amazon 
#amazonpay https://t.co/CFJSv0qdn6",1.3111392492283617e+18
44,2020-09-30 03:00:33,shinchaku,【発売日：2020/09/17】彼女、人見知ります（１） (週刊少年マガジンコミックス)  https://t.co/cqAqf8S7kd #amazon,1.3111388393108808e+18
45,2020-09-30 03:05:12,chantaku0903,"「◯日の仕入のHIT率とROI、高かったな♫」
「DVDは、XXXX（店舗）だとROI高めの商品に多く巡り会えてる！」とか
「最近リサーチ効率悪いな…もっとアンテナ張り巡らそう」など
仕入状況を俯瞰することで、大事なことが見えてきます。
#Amazon
#せどり
#リサーチ
#アマストリーム https://t.co/HgOBeVPrYH",1.3111400095175025e+18
46,2020-09-30 03:00:47,Vaibhav52403887,"#AmazonQuiz
Plz make me win #Amazon https://t.co/6EUgGys6KJ",1.3111388980309484e+18
47,2020-09-30 03:01:20,CoolDealCA,"Clorox Wipes in stock via #Amazon  Pantry!

*not all zip codes! #Deal #ganga

 https://t.co/wJp07NA4sS https://t.co/sWdsK2BDBi",1.3111390361243812e+18
48,2020-09-30 03:02:26,sheffdeals,"All-New Toshiba 32-inch Smart HD FIRE TV 2020 for $179.99

Click Link Below👇
https://t.co/Gf6Ch5erkl

#deals #amazon #amazonprime #PresidentialDebate2020 #Debates2020 #debates #BlackTechTwitter #techtwitter #developers #Election2020 #tech #Apple #twitch #gamers #ps5 #sheffdeals https://t.co/wPHOmswngq",1.3111393107380593e+18
49,2020-09-30 03:05:16,kana_ogawa,"【スポーツゲーム】ベスト10
磁気 ポータブル オセロ Reversi 戦略 ゲーム 9.75インチ ボード付き 折りたたみ マグネティック ピース付き ホーム と 旅行用 グリーン
https://t.co/GEPEBhcQbb #Amazon",1.3111400268271698e+18
,date,screen_name,tweet,tweet_id
0,2020-09-30 03:00:25,shinchaku,【発売日：2020/09/09】進撃の巨人(32) (講談社コミックス)  https://t.co/MEkHAlqJox #amazon,1.3111388046616535e+18
1,2020-09-30 03:00:24,CoolDealCA,"Canon PowerShot SX530 Digital #Camera for $199!! (Retail: $379)

#freebies #deals #deal #moneysaver #greatdeal #steals #discount #sale #bargain #bargainhunter #cheap #bestprice #Amazon  #Deals #giveaway #Deal #ganga

 https://t.co/GhG3WGfymd https://t.co/LYKT7Z2vQL",1.3111388019480125e+18
2,2020-09-30 03:00:32,shinchaku,【発売日：2020/08/27】【電子版限定特典付き】魔王の俺が奴隷エルフを嫁にしたんだが、どう愛でればいい？5 (HJコミックス)  https://t.co/gA4zJZWd6j #amazon,1.3111388327047332e+18
3,2020-09-30 03:00:13,mpjgddgwpaw,"2020年9月30日12時の家電＆カメラの売り上げランキングは？

 こちら↓ 
 https://t.co/GaEGUY6Jb1 

#Amazon #アマゾン #ガジェット #ランキング #家電 #PC #Apple #カメラ #スマホ #アクセサリー",1.3111387553113293e+18
4,2020-09-30 02:59:06,mmm_shiko,"抗菌イージケース 好評発売中！

◇水三島紙工　抗菌イージケースについて
https://t.co/QEUu7kAbDN

◇#Amazon #BASE にて販売中
https://t.co/aTF8UDI7F0

🌈当社ホームページにて、オリジナルデザインテンプレートも配布中！🌈

「水三島紙工」にて検索！",1.3111384749556613e+18
5,2020-09-30 03:00:23,shinchaku,【発売日：2020/09/23】ＧＩＡＮＴ　ＫＩＬＬＩＮＧ（５６） (モーニングコミックス)  https://t.co/PS1gJcm6vf #amazon,1.3111387945743565e+18
6,2020-09-30 03:00:23,shinchaku,【発売日：2020/09/16】ONE PIECE 97 (ジャンプコミックス)  https://t.co/JkWajkbL7j #amazon,1.3111387957446246e+18
7,2020-09-30 03:00:09,CloudChangelog,Amazon EFS integrates with AWS Systems Manager to simplify management of Amazon EFS clients https://t.co/iRFDK0xrQl #AWS #Amazon,1.3111387373976658e+18
8,2020-09-30 02:58:00,hidesan_tv,"#おすすめ #売れ筋 #ベストセラー #マンガ  #YouTube #ビジネス #投資 #資産運用 #株 #FX #不動産 #副業 #ブログ #アフェリエイト #せどり #転職 #Amazon #楽天 #楽天ROOM🌈
地球の歩き方編集室 の J01 地球の歩き方 東京 2021~2022 を Amazon でチェック！ https://t.co/X9aJpXZ8nw @amazonより",1.311138195342459e+18
9,2020-09-30 02:58:03,0tbUpfrO35Vtncf,"超快適マスク の (日本製 PM2.5対応)超快適マスク プリ-ツタイプ 小さめ 30枚入(unicharm) https://t.co/BnOLyvaYG8 
#マスク入荷情報 　＃マスク入荷
＃マスク在庫あり
＃マスク
＃Amazon",1.3111382071871037e+18
10,2020-09-30 03:00:30,shinchaku,【発売日：2020/09/02】ヒプノシスマイク -Division Rap Battle- Official Guide Book ([バラエティ])  https://t.co/FV5gcvIn5b #amazon,1.3111388242113085e+18
11,2020-09-30 02:59:34,TenikkaANjax,Standing by for #JSO's update on shooting at #Amazon in #Jacksonville #Florida.  WATCH CBS47 &amp; FOX30 @ActionNewsJax now.,1.311138589749719e+18
12,2020-09-30 02:57:43,hidesan_tv,"#おすすめ #売れ筋 #ベストセラー #マンガ  #YouTube #ビジネス #投資 #資産運用 #株 #FX #不動産 #副業 #ブログ #アフェリエイト #せどり #転職 #Amazon #楽天 #楽天ROOM🌈
講談社 の 梅澤美波1st写真集 夢の近く を Amazon でチェック！ https://t.co/4HFupI7VMn @amazonより",1.3111381240392417e+18
13,2020-09-30 03:00:26,TheInStockRoom,"***New Deal***
Revlon PhotoReady Candid Natur...
Reduced from $10.99 to $4.38
https://t.co/6bSW8obXfQ
#Deals #newDeals #Amazon https://t.co/C1lB4AlZhm",1.3111388109238067e+18
14,2020-09-30 03:00:31,shinchaku,【発売日：2020/08/26】王様ランキング(8) (BLIC)  https://t.co/RwjPtPiwQ7 #amazon,1.3111388303098307e+18
15,2020-09-30 03:00:11,yuki_nagase,"【シミュレーションゲーム】ベスト10
シミュレーションジャーナル ゲームジャーナル76号 独眼竜政宗
https://t.co/VfpRQHEdgY #Amazon",1.311138746780119e+18
16,2020-09-30 02:59:36,ouchi_school,"本屋さんに品切れだから取り寄せもできないと言われて諦めて帰ってきた本。

Amazonもだけど、ネットでは普通に売ってる😅次の日届くし。

でも人気ってことかな？？
私もお気に入りです❤️

みらいへはばたく おんなのこのでんきえほん https://t.co/1GHpWc3wt3 #Amazon",1.3111385993042248e+18
17,2020-09-30 02:58:46,hidesan_tv,"#おすすめ #売れ筋 #ベストセラー #マンガ  #YouTube #ビジネス #投資 #資産運用 #株 #FX #不動産 #副業 #ブログ  #Amazon #楽天 #楽天ROOM🌈
ディズニーファン編集部 の 『ディズニー ツイステッドワンダーランド』 FAN BOOK を Amazon でチェック！ https://t.co/pJgQE9fg8a @amazonより",1.3111383908011827e+18
18,2020-09-30 03:00:22,yuki_nagase,"【シミュレーションゲーム】ベスト10
鉄道模型シミュレーターNX VS-3
https://t.co/OeW5tpk7sP #Amazon",1.3111387906064015e+18
19,2020-09-30 03:00:22,shinchaku,【発売日：2020/09/04】SPY×FAMILY 5 (ジャンプコミックス)  https://t.co/OaxM5464hs #amazon,1.3111387932782756e+18
20,2020-09-30 03:00:30,shinchaku,【発売日：2020/09/23】ＲａＷ　ＨＥＲＯ（６） (イブニングコミックス)  https://t.co/EZgNSEGkpr #amazon,1.311138825368998e+18
21,2020-09-30 03:00:25,shinchaku,【発売日：2020/09/24】転生したら剣でした (8) 【電子限定おまけ付き】 (バーズコミックス)  https://t.co/hSuQYmAhrj #amazon,1.3111388033572823e+18
22,2020-09-30 02:57:29,littlenekochan,Enter for a chance to #win a $50 #Amazon #giftcard and a #paperback from #USAT #bestselling #author @EvaPohler https://t.co/O6KDilnCCC,1.3111380666236068e+18
23,2020-09-30 02:58:19,hidesan_tv,"#おすすめ #売れ筋 #ベストセラー #マンガ  #YouTube #ビジネス #投資 #資産運用 #株 #FX #不動産 #副業 #ブログ #アフェリエイト #せどり #転職 #Amazon #楽天 #楽天ROOM🌈
心屋 仁之助 の 心屋仁之助のずるい生き方 を Amazon でチェック！ https://t.co/Kn6xV3jVIJ @amazonより",1.3111382778947543e+18
24,2020-09-30 02:59:47,STF_Jay,"Lets get back to basics @amazon, are you really allowing this to happen? That card is about $1,580 MSRP, I think this has surpassed the word price gouge. This is just utter nonsense. Way to go Amazon 👏🏻👏🏻👏🏻 #RTX3090 @GIGABYTEUSA #gigabyte #Amazon https://t.co/WIq6OeZygf",1.311138645726896e+18
25,2020-09-30 03:00:07,XperienceDope,"Blasting Memphis Maccie, Ja'Ryan, OMB Peezy - 64 right now on Pretty Dope Xperience Radio aka #BlackPandora

listen now and catch a wave!! https://t.co/VqKFopeoex  #nowplaying #np #RT  #NowStreaming #Streema Download Now #Alexa #GooglePlay #iOSAppStore #Amazon #",1.3111387313788314e+18
26,2020-09-03 18:26:48,LenovoLegion,"Lenovo Legion x @PlayApex
Now is your chance to rise above the rest. 
Unmatched performance, purposeful engineering, modern design.
Gear up with a machine as savage as you are.
Stylish outside.
Savage inside.",1.301587465258578e+18
27,2020-09-30 03:00:27,yuki_nagase,"【シミュレーションゲーム】ベスト10
トロピコ 6 - PS4
https://t.co/2PxbiskKjz #Amazon",1.3111388126265672e+18
28,2020-09-30 03:00:18,buybooks_amazon,#BestBooks #Amazon #Geography : THE GEOGRAPHY OF GENIUS --&gt; https://t.co/tz4uQYaWE8,1.3111387760144957e+18
29,2020-09-30 02:58:37,benrideotoku22,Amazonベーシック充電池は安くコストパフォーマンスが高� 【続きは記事で！】 https://t.co/SOonvBLs0V #amazon,1.311138352213549e+18
30,2020-09-30 03:00:29,shinchaku,【発売日：2020/09/01】ＬＩＦＥＳＰＡＮ（ライフスパン）―老いなき世界  https://t.co/ywuMePP6Cu #amazon,1.3111388208433357e+18
31,2020-09-30 03:00:16,yuki_nagase,"【シミュレーションゲーム】ベスト10
ゲームジャーナル74号 日中韓・現代海戦三国志
https://t.co/4kh3l5j5yW #Amazon",1.3111387687037788e+18
32,2020-09-30 03:00:04,ETRetail,ETRetail | Abu Dhabi's Mubadala in advanced talks to invest up to $1 billion in Reliance Retail #MukeshAmbani #Amazon #KKRCo #SilverLakePartners #RelianceIndustries #JioPlatforms #RelianceRetail #Facebook #Walmart #MubadalaInvestmentCo https://t.co/DUmG22d3WP,1.311138718430851e+18
33,2020-09-30 02:59:59,REoptimizer,"Commercial Real Estate in an Amazon World #CRE #TenantTips #Amazon
https://t.co/qAYv4yUGrn",1.3111386946073723e+18
34,2020-09-30 03:00:27,musicalbumrevi,"Dell G5 15 Gaming (5500) Laptop Review https://t.co/C5eykoVNID September 30, 2020 at 08:30AM #Dell, Dell Laptop, Gadgets, Gaming Laptops, Reviews, Technology, Windows Laptop #blogger #2k20 #blog #MusicAlbumReviews #amazon",1.311138813457072e+18
35,2020-09-30 03:00:30,shinchaku,【発売日：2020/09/10】魔法科高校の劣等生(32)　サクリファイス編／卒業編 (電撃文庫)  https://t.co/4xhaX9l03H #amazon,1.311138827772326e+18
36,2020-09-30 02:58:05,CanVisaNews,"#Amazon announced plans to create 3,500 new corporate and tech jobs at its Canadian Tech Hubs in #Vancouver and #Toronto. Amazon has invested more than $11 billion in #Canada that has contributed an additional $9 billion to the Canadian economy and helped create 67,000 jobs. https://t.co/KDKa2mljo9",1.3111382192290202e+18
37,2020-09-30 03:00:04,YabRock,Meddle（おせっかい） / #PinkFloyd https://t.co/VCs3savcVC #ProgressiveRock #ProgRock #アマゾン #Amazon #AmazonJP,1.3111387166189117e+18
38,2020-09-30 03:00:31,shinchaku,【発売日：2020/09/04】ワンパンマン 22 (ジャンプコミックス)  https://t.co/NVDb2x2WAn #amazon,1.3111388290347581e+18
39,2020-09-30 03:00:33,CoolDealCA,"💲💰
Revlon PhotoReady Candid Natur...
Reduced from $10.99 to $4.38

# #Deals #new #Deals #Amazon  #Deal #ganga

 https://t.co/U5yrrWl5iq https://t.co/d8ocfmftf0",1.3111388365258465e+18
40,2020-09-30 03:00:32,yuki_nagase,"【シミュレーションゲーム】ベスト10
ファイアーエムブレム 風花雪月 -Switch (『TCGファイアーエムブレム0』限定カード「士官学校の新任教師ベレト」 同梱)
https://t.co/Ooj2gd4jUP #Amazon",1.3111388344705106e+18
41,2020-09-30 02:59:50,0tbUpfrO35Vtncf,"超立体マスク の 超立体マスク スタンダード 大きめ 30枚〔PM2.5対応 日本製 ノーズフィットなし〕  https://t.co/ozEz1IoMf6 
#マスク入荷情報 　#マスク入荷　　#マスク在庫あり 
＃マスク
＃AMAZON",1.3111386561496228e+18
42,2020-09-30 03:00:01,yuki_nagase,"【シミュレーションゲーム】ベスト10
&lt;PS4版&gt;eBASEBALLパワフルプロ野球2020
https://t.co/2jyKJyFd6D #Amazon",1.3111387024841032e+18
43,2020-09-30 02:59:35,kakicchysmusic6,https://t.co/MaMFRamliO: The Theme of Election Jockey[2015 Autumn]: kakicchysmusic: https://t.co/4mJ7cDnAxA #Amazon #Prime,1.3111385947659428e+18
44,2020-09-30 03:00:26,shinchaku,【発売日：2020/09/18】裏切られたSランク冒険者の俺は、愛する奴隷の彼女らと共に奴隷だけのハーレムギルドを作る 1 (ヤングジャンプコミックスDIGITAL)  https://t.co/6Msuh69aSX #amazon,1.3111388081346191e+18
45,2020-09-30 03:00:06,yuki_nagase,"【シミュレーションゲーム】ベスト10
究極の クルーズ 船 楽しい 運転中 シミュレーション ゲーム
https://t.co/4gE6gTCbOP #Amazon",1.3111387243615642e+18
46,2020-09-30 03:00:33,shinchaku,【発売日：2020/09/25】父は英雄、母は精霊、娘の私は転生者。 4巻 (デジタル版ビッグガンガンコミックス)  https://t.co/xJJQzJ6YGI #amazon,1.3111388369662566e+18
47,2020-09-30 03:00:33,shinchaku,【発売日：2020/09/09】世界を救うために亜人と朝チュンできますか？　3 (ドラゴンコミックスエイジ)  https://t.co/DYPA93Qwed #amazon,1.3111388381783368e+18
48,2020-09-30 02:59:37,deepakalwaysurs,"@homefirstindia The answers to the questions as follows 
1. Full form of PMAY - Pradhan Mantri Awas Yojna
2. Full form of EMI - Equated Monthly Investment

#contest #ContestAlert #win #play #answers #AmazonVoucher #Amazon #WINNER #Share #Homefirst @Pabitra00791243 @Pabitra79744551",1.3111386031210332e+18
49,2020-09-30 03:00:24,shinchaku,【発売日：2020/09/09】異種族レビュアーズ　5 (ドラゴンコミックスエイジ)  https://t.co/OA43UhpyRI #amazon,1.3111388019940762e+18
,date,screen_name,tweet,tweet_id
0,2020-09-30 02:50:23,thevibhu90,"RT Dazeinfo ""TRAI submitted a list of recommendations on Cloud Service Providers, (CSPs) to the Department of Telecommunication.

#news #technology #google #amazon #microsoft #cloudservices
https://t.co/Fmt0jxR7tN""",1.3111362795606876e+18
1,2020-09-30 02:48:54,ayaren,"Amazon時間指定に届かない…
マジでクソ！
#amazon #amazonprime",1.3111359048036434e+18
2,2020-09-30 02:48:29,sheffdeals,"💥DON'T MISS AMAZON PRIME DAY💥

SIGN UP FOR AMAZON PRIME FREE TRIAL TODAY!

Trial last for 30 days - Prime Day Oct 13-14th

Click Link Below👇
https://t.co/uVmStlUeMJ

#deals #PresidentialDebate2020 #Debates2020 #debates #technology #amazon #developers #techtwitter #sheffdeals https://t.co/iDDl8tgYS9",1.3111358028444221e+18
3,2020-09-30 02:57:22,creativemm12,"#シャープ(SHARP) の シャープ 電話機 コードレス 子機1台 JD-G32CL
https://t.co/816eeTyu5x
#TFB
#마켓팅
#amazon
#Eric #Trump
#Life #BBC #drama
#利物浦",1.311138036898345e+18
4,2020-09-30 02:55:02,CloudChangelog,Animation Research Uses AWS to Virtualize Remote Sports Production https://t.co/skF80gm3Z2 #AWS #Amazon #CustomerSolutions #AmazonCloudFront,1.311137448404095e+18
5,2020-09-30 02:57:14,0tbUpfrO35Vtncf,"超立体マスク の ユニ・チャーム 超立体マスク ふつう 50枚入 https://t.co/EkCuExRuPz 
#マスク入荷情報 　#マスク入荷　＃マスク在庫あり
＃Amazon
＃マスク",1.3111380021108326e+18
6,2020-09-30 02:57:12,AppDropped_UK,"Check out this #Amazon Bestseller - Crayola Color Bath Dropz 60 Tablets 3.59 Ounce Jar for £10.5
https://t.co/WblwUMNVFW https://t.co/0sdoqEfZfN",1.311137996603822e+18
7,2020-09-30 02:50:44,rakten_kaden_,"09/30 11:50

掃除機 コードレス 充電式 紙パック式 アイリスオ
【楽天】9980円
【Amazon】10194円

★楽天で購入すると★
 214円 お得（お得率2％）

↓お得な情報を一覧で確認出来るサイト
https://t.co/kMQYxgL6Rh

#楽天市場 #Amazon #お得 #せどり https://t.co/mie2QHbBGD",1.3111363694654218e+18
8,2020-09-30 02:52:14,sheffdeals,"💥AMAZON PRIME MEMBERS!💥

GET TWO Echo Dot (3rd Gen) for $39.98

Click Link Below👇
https://t.co/vahFlURcJr

Use Coupon at checkout - DOTPRIME2PK

#deals #Amazon #PresidentialDebate2020 #Debates2020 #debates #AmazonDeals #PrimeDay2020 #BlackTechTwitter #techtwitter #sheffdeals https://t.co/3m5SbbBSvC",1.3111367437485138e+18
9,2020-09-30 02:49:14,WatchesMe,The Bottom Bunk (Jail Bird Speaks Book 1) https://t.co/p6XMTLnr0U #Amazon,1.3111359902250066e+18
10,2020-09-30 02:48:45,Arjun25916048,"@Arjun25916048 
@amazonIN 
@amazon 
#AmazonQuiz 
#Amazon Thank you for giving me the opportunity to win the Samsung  Galaxy M21 Quiz competition https://t.co/rBk9V2pv2A",1.3111358707836355e+18
11,2020-09-30 02:57:11,bmurphypointman,#rt #twitter #facebook #instagram #socialmedia #pinterest #amazon #reddit #medium #tumblr Need to make money? Save money while shopping? Get discounts on travel? Check out my website https://t.co/vBHLD11zwQ,1.311137991818195e+18
12,2020-09-30 02:55:57,Arjun25916048,"@amazon
@amazonIN
#Amazon
Thank you for giving me the opportunity to win the  #AmazonSpinandWin competition https://t.co/PoG6re9FW5",1.311137678792913e+18
13,2020-09-30 02:55:00,SandraTelcos,"#Amazon presenta un sistema biométrico #AmazonOne que permite pagar con la palma de la mano
https://t.co/9rd0BxgRNN",1.311137440531247e+18
14,2020-09-30 02:50:56,outrighttec,"#echoshow #amazon #outrighttec New Amazon Echo Dot Show 10's display can follow the user around the room, this one can swivel around on its base so as to follow a user from its 13MP camera. https://t.co/CAcNw1tMvk",1.3111364194992374e+18
15,2020-09-30 02:52:42,FaithNC336,"Winnia is giving away a $50 #Amazon gift card in celebration of its official launch 🎁

Enter now 👇👇 https://t.co/MYTAgB0yXj",1.3111368634161357e+18
16,2020-09-30 02:47:53,sheffdeals,"LG 50 inch UHD 4K HDR AI Smart TV 2020 for $409.99

Click Link Below👇
https://t.co/fesY4ixe1K

#deals #amazon #amazonprime #PresidentialDebate2020 #Debates2020 #debates #BlackTechTwitter #techtwitter #developers #Election2020 #tech #Apple #twitch #gamers #ps5 #sheffdeals https://t.co/O4zki6cHOZ",1.3111356524661023e+18
17,2020-09-30 02:57:21,hidesan_tv,"#おすすめ #売れ筋 #ベストセラー #マンガ  #YouTube #ビジネス #投資 #資産運用 #株 #FX #不動産 #副業 #ブログ #アフェリエイト #Amazon #楽天 #楽天ROOM🌈
武田友紀 の 「気がつきすぎて疲れる」が驚くほどなくなる 「繊細さん」の本 を Amazon でチェック！ https://t.co/WkPBU6JoaB @amazonより",1.311138030967685e+18
18,2020-09-30 02:49:26,hidesan_tv,"#おすすめ #売れ筋 #ベストセラー #PS4 #Switch #YouTube #実況 #ゲーム #ガジェット #カメラ #マイク #Amazon #楽天 #楽天ROOM🌈
ZOOM(ズーム) の ZOOM ズ―ム ボイスチェンジャー ゲーム実況 エフェクター ボーカルプロセッサ V3 を Amazon でチェック！ https://t.co/HJiQWeHMNQ @amazonより",1.3111360389039227e+18
19,2020-09-30 02:53:43,sheffdeals,"Apple Watch Series 3 42mm for $199; retail $229

Click Link Below👇
https://t.co/7em0kevKax

#deals #amazon #amazonprime #PresidentialDebate2020 #Debates2020 #debates #BlackTechTwitter #techtwitter #developers #Election2020 #tech #Apple #twitch #AppleWatch #ps5 #sheffdeals https://t.co/JXjurpWo1F",1.3111371185892024e+18
20,2020-09-30 02:55:32,hidesan_tv,"#おすすめ #売れ筋 #ベストセラー #マンガ  #YouTube #ビジネス #投資 #資産運用 #株 #FX #不動産 #副業 #ブログ #アフェリエイト #せどり #転職 #Amazon #楽天 #楽天ROOM🌈
井口耕二 の リーダーを目指す人の心得 文庫版 を Amazon でチェック！ https://t.co/Z4mPQHUWf9 @amazonより",1.311137577122947e+18
21,2020-09-30 02:53:09,sheffdeals,"All-New Insignia 43-inch Smart 4K UHD Fire TV 2020 for $299.99

Click Link Below👇
https://t.co/AbRgWJFI0w

#deals #amazon #amazonprime #PresidentialDebate2020 #Debates2020 #debates #BlackTechTwitter #techtwitter #developers #Election2020 #Apple #twitch #gamers #ps5 #sheffdeals https://t.co/M9964PSQ7k",1.311136977232814e+18
22,2020-09-30 02:47:53,Nerd_Freak92,"Winnia is giving away a $50 #Amazon gift card in celebration of its official launch 🎁

Enter now 👇👇 https://t.co/9W3PkOU5zM",1.3111356525918659e+18
23,2020-09-30 02:54:00,Haidji,"Book Quote: ""Sometimes she liked to be a little bit..."" Click on  https://t.co/dtJDiKqYaD #crazy #mad #quoteoftheday #quotes #kindleunlimited #bookquotes  #ku  #paperback #amazon  #inspiration #haidji #goodreads #books #read #reading #BookBoost #book https://t.co/tUo6wuWJ2N",1.311137188902445e+18
24,2020-09-30 02:53:16,see_low_ichi,"AZ-900試験に合格した！
やったのはこの本だけ。

合格対策 Microsoft認定 AZ-900:Microsoft Azure Fundamentalsテキスト&amp;問題集 https://t.co/QoXLAP78tm #Amazon",1.3111370064585318e+18
25,2020-09-30 02:50:00,JenTelMx,"#Amazon presenta un sistema biométrico #AmazonOne que permite pagar con la palma de la mano
https://t.co/g51G9CRgDm",1.3111361821268214e+18
26,2020-09-30 02:55:14,hamco513,"設営の時間が無いって時間を有効活用できるよね

テント ワンタッチ キャンプテント 2人用-4人用 防水 アウトドア 軽量 テント 花見 運動会 海 登山用 専用収納袋付き「日本語説明書付き」
ブランド: XINQIU

https://t.co/5tcj6mBv2Y　　￥11,980➡価格￥7,980

＃Amazon
#キャンプ好きと繋がりたい https://t.co/A1xrd9DsA6",1.3111374994528297e+18
27,2020-09-30 02:55:04,CescateKemily,#livroterapia #Amazon #Wattpad #spirit #livro #ortografia https://t.co/JmikjciXC1,1.3111374566921216e+18
28,2020-09-30 02:54:18,sheffdeals,"💥Mac Book Air Charger Replacement for $23.99💥

Click Link Below👇
https://t.co/DrY6CNdjiG

#deals #amazon #amazonprime #PresidentialDebate2020 #Debates2020 #debates #BlackTechTwitter #techtwitter #developers #Election2020 #tech #Apple #twitch #gamers #ps5 #macbook #sheffdeals https://t.co/YosWXNdvPs",1.3111372641483817e+18
29,2020-09-30 02:57:01,CoolDealCA,"Get those Amazon purchases 🎁shipped faster for free 
One month #free #Amazon Prime trial
6 month 👀 free for students
click for details
https://t.co/vkCEWOmxOz https://t.co/HJMI6SUT2O",1.3111379500722135e+18
30,2020-09-30 02:55:26,XperienceDope,"Blasting Nicki Minaj - Yikes right now on Pretty Dope Xperience Radio aka #BlackPandora

listen now and catch a wave!! https://t.co/VqKFopeoex  #nowplaying #np #RT  #NowStreaming #Streema Download Now #Alexa #GooglePlay #iOSAppStore #Amazon #",1.3111375515588813e+18
31,2020-09-30 02:52:36,sheffdeals,"Dell 23.8"" IPS Full HD (1920x1080) Monitor for $129.99

Click Link Below👇
https://t.co/mR9GsRFFtb

#deals #amazon #amazonprime #PresidentialDebate2020 #Debates2020 #debates #BlackTechTwitter #techtwitter #developers #Election2020 #tech #Apple #twitch #gamers #ps5 #sheffdeals https://t.co/T5VvHYCiEH",1.311136838053245e+18
32,2020-09-30 02:56:58,SdQvg,"昨日も配完率100%でした🎉
今日は荷数が少な過ぎて、もう14-16時待ちしてます…
前に12-14時っていう時間帯指定もあったけど、休憩を取らせるために、なくなってらしい。
ただ、うちのステーションの場合は14-16時が無い方がありがたい😓

#Amazon
#宅配
#軽貨物",1.3111379355681546e+18
33,2020-09-30 02:55:01,sheffdeals,"💥DEAL ALERT 44% OFF!💥

LG Nano 8 55"" 4K Ultra HD Smart LED w/ Alexa for $499.99; retail $899.99

Click Link Below👇
https://t.co/XO6PVnY4kL

#deals #amazon #amazonprime #PresidentialDebate2020 #Debates2020 #debates #BlackTechTwitter #twitch #Election2020  #sheffdeals #tech https://t.co/yonBEu0mqS",1.3111374442139894e+18
34,2020-09-30 02:56:55,hidesan_tv,"#おすすめ #売れ筋 #ベストセラー #マンガ  #YouTube #ビジネス #投資 #資産運用 #株 #FX #不動産 #副業 #ブログ #アフェリエイト #せどり #転職 #Amazon #楽天 #楽天ROOM🌈
池井戸 潤 の 半沢直樹 アルルカンと道化師 を Amazon でチェック！ https://t.co/DOzemtLhKZ @amazonより",1.3111379232621527e+18
35,2020-09-30 02:48:58,hidesan_tv,"#おすすめ #売れ筋 #ベストセラー #PS4 #Switch #YouTube #実況 #ゲーム #ガジェット #カメラ #マイク #Amazon #楽天 #楽天ROOM🌈
ヤマハ(YAMAHA) の ヤマハ YAMAHA ウェブキャスティングミキサー オーディオインターフェース 3チャを Amazon でチェック！ https://t.co/AUjvnAcLMl @amazonより",1.311135922759508e+18
36,2020-09-30 02:49:58,hidesan_tv,"#おすすめ #売れ筋 #ベストセラー #PS4 #Switch #YouTube #実況 #ゲーム #ガジェット #カメラ #マイク #Amazon #楽天 #楽天ROOM🌈
バッファロー の BUFFALO WiFi 無線LAN ルーター WSR-1166DHPL2/N 11ac ac1200 866+300Mbps IPv6対応を Amazon でチェック！ https://t.co/GHo9WMXCmS @amazonより",1.3111361770349158e+18
37,2020-09-30 02:55:19,GizbotTamil,கொஞ்சம் காத்திருங்க: விரைவில் அமேசான் கிரேட் இந்தியன் ஃபெஸ்டிவல் விற்பனை! https://t.co/WDnd6QNXRG #amazon #india #online #tamil #technews #அமேசான் #இந்தியா #ஆன்லைன் #தமிழ் #தொழில்நுட்பம்,1.3111375193045484e+18
38,2020-09-30 02:48:24,hidesan_tv,"#おすすめ #売れ筋 #ベストセラー #PS4 #Switch #YouTube #実況 #ゲーム #ガジェット #カメラ #マイク #Amazon #楽天 #楽天ROOM🌈
ASTRO Gaming(アストロ ゲーミング) の ASTRO Gaming ミックスアンプ プロ MixAmp Pro TR PS4/PC ゲーミンを Amazon でチェック！ https://t.co/j43DrlCgxO @amazonより",1.31113578114714e+18
39,2020-09-30 02:51:17,LuengJasmine,"Full Motion TV Wall Mount Bracket for 28-80""

#Amazon #AmazonPrime #AmazonAddict #AmazonAddicted #AddictedtoAmazon#amazonfinds #amazondeals #amazonreview #amazonreviewer #amazonshopper#amazonshopping#getitfree#amazondeals https://t.co/N1SftshnNc",1.3111365083262853e+18
40,2020-09-30 02:57:05,ballmaru0,"【令和最新版】Amazonプライムデー2020の事前準備まとめ！開催日はいつ？目玉のセール商品もご紹介！【令和2年進化版】https://t.co/Q37QEZM188 

今年もやってきました！
2020年のアマゾンプライムデーについての事前情報をまとめましたので、興味のある方はどうぞ～🐤
#Amazon #AmazonPrimeDay",1.3111379639635927e+18
41,2020-09-30 02:56:32,ei0808,"￥8,389
買い？

バーボンウイスキー ブッカーズ 2020 [ ウイスキー アメリカ 750ml ] [ギフトBox入り] https://t.co/Ui9Wkydp7P #Amazon",1.31113782716638e+18
42,2020-09-30 02:48:08,a_kralisch,Top Tracks – Annabelle Kralisch https://t.co/i3J9HenWtT via @YouTube #guitar #youtube #classical #ClassicalMusic #guitarist #guitarra #instrumentals #Amazon #AmazonMusic #AppleMusic #tidal #spotify #deezer #napster #YouTubers #youtubevideo #musicvideo #Video #watch #listen,1.3111357128179302e+18
43,2020-09-30 02:55:06,hidesan_tv,"#おすすめ #売れ筋 #ベストセラー #マンガ  #YouTube #ビジネス #投資 #資産運用 #株 #FX #不動産 #副業  #Amazon #楽天 #楽天ROOM🌈
【https://t.co/AGbgPDtDd3 限定】「MIU404」公式メモリアルブック Amazon限定表紙版 を Amazon でチェック！ https://t.co/MnA08TtlI4 @amazonより",1.3111374684988662e+18
44,2020-09-30 02:47:47,hidesan_tv,"#おすすめ #売れ筋 #ベストセラー #PS4 #Switch #YouTube #実況 #ゲーム #ガジェット #カメラ #マイク #Amazon #楽天 #楽天ROOM🌈
NEEWER の Neewer 2パック 調光可能な二色480 LEDビデオライトとスタンドライティングキット Uブラケット付を Amazon でチェック！ https://t.co/IyVsiqBuYu @amazonより",1.311135623659438e+18
45,2020-09-30 02:49:05,sheffdeals,"Apple Watch Series 3 42mm for $199; retail $229

Click Link Below👇
https://t.co/7em0kevKax

#deals #amazon #amazonprime #PresidentialDebate2020 #Debates2020 #debates #BlackTechTwitter #techtwitter #developers #Election2020 #tech #Apple #twitch #AppleWatch #ps5 #sheffdeals https://t.co/Rdw7oHtKsL",1.3111359521868104e+18
46,2020-09-30 02:50:24,WatchesMe,Nonchalant - Outta [Explicit] https://t.co/02FOllindl #Amazon,1.31113628522709e+18
47,2020-09-30 02:50:54,XperienceDope,"Blasting Kevin Gates - Dreka (Radio) right now on Pretty Dope Xperience Radio aka #BlackPandora

listen now and catch a wave!! https://t.co/VqKFopeoex  #nowplaying #np #RT  #NowStreaming #Streema Download Now #Alexa #GooglePlay #iOSAppStore #Amazon #",1.3111364081034609e+18
48,2020-09-30 02:55:45,rakten_kaden_,"09/30 11:55

【レビュー投稿で洗浄液に使えるクーポンプレゼント】
【楽天】27145円
【Amazon】27522円

★楽天で購入すると★
 377円 お得（お得率1％）

↓お得な情報を一覧で確認出来るサイト
https://t.co/kMQYxgL6Rh

#楽天市場 #Amazon #お得 #せどり https://t.co/fbVYMXjDBn",1.3111376294259917e+18
49,2020-09-30 02:54:53,CoolDealCA,"Small Travel Size Versace Cologne / Perfume starting at $8!
*DIRECTLY from #Amazon  
  
Perfume,  
$8.77 👉 
$14.77 👉 
$11.24 👉  
  
Cologne 👉 
$9.38 👉  #Deal #ganga

 https://t.co/1kSrNjhChx https://t.co/OZ7iCnhk9s",1.311137413570474e+18
,date,screen_name,tweet,tweet_id
0,2020-09-30 02:43:33,TriwoodD,10% OFFクーポンの適用 - Acase 高級PU合成革 AirPodsに適しています カナビラ付き 持ち運びやすい 紛失防止 落下防止紐付き 充電しやすい、しっかり保護可能 (黒) [... https://t.co/P1aRwUOQQX via @amazonJP #Amazon #Japan #ヘッドセット #保護ケース #airpodsプレゼント,1.3111345585747108e+18
1,2020-09-30 02:43:42,Azmatkh,"I played this interesting Quiz on Amazon https://t.co/NGmmBtAtpu #Amazon
#amazonquiz",1.3111345992300585e+18
2,2020-09-30 02:45:44,rakten_kaden_,"09/30 11:45

【送料無料!!】【沖縄・離島は送料別途】【あす楽対
【楽天】1328円
【Amazon】1330円

★楽天で購入すると★
 2円 お得（お得率0％）

↓お得な情報を一覧で確認出来るサイト
https://t.co/kMQYxgL6Rh

#楽天市場 #Amazon #お得 #せどり https://t.co/1TL88fmiPb",1.3111351095174226e+18
3,2020-09-30 02:45:02,CloudChangelog,"Japanese Sellers, Consulting Partners, and Data Providers Now Available in AWS Marketplace and AWS Data Exchange https://t.co/O9WczNf8Jo #AWS #Amazon",1.3111349317252915e+18
4,2020-09-30 02:47:43,hilton_philip,"@DavidGaga14 @ChicagoCAPS07 @FARLEYJMF @Chicago_Police @ChicagoParks @DJMAGICD1 @ChurchGaga @cccatchoff @michaeljackson @ladygaga @brookecandy @erikajayne @kimpetras @LionelRichie @katyperry @MileyCyrus @DollyParton @RickRoss @SnoopDogg @Chicago_Police 
Hi #Chicago #ravers #love from the #underground #raver scene in #UK 
I wrote the 1st chapter in a new #rave #book called
#TheRaverStoriesProject on #Amazon buy it.
I am a rave #yogateacher now #teach rave #yoga the #answer to the rave scene THE #PHUTURE Higher IQ https://t.co/lsVSiSGUcL",1.311135610799829e+18
5,2020-09-30 02:44:30,SenderKim,LoVing HoUSe Incense Burner Portable Incense Burner Arabic Electric ... https://t.co/q39GOBEZwe #Amazon,1.311134798560129e+18
6,2020-09-30 02:47:09,WatchesMe,The Trilogy: Three Stories In One Book That Will Take You For A Heart ... https://t.co/m9rL5dkFJn #Amazon,1.311135464540246e+18
7,2020-09-30 02:43:23,hidesan_tv,"#おすすめ #売れ筋 #ベストセラー #PS4 #Switch #YouTube #実況 #ゲーム #ガジェット #カメラ #マイク #Amazon #楽天 #楽天ROOM🌈
ソニー(SONY) の ソニー Vlog用カメラ VLOGCAM シューティンググリップキット ZV-1G を Amazon でチェック！ https://t.co/TpagmwLX1D @amazonより",1.3111345175124787e+18
8,2020-09-30 02:46:08,hidesan_tv,"#おすすめ #売れ筋 #ベストセラー #PS4 #Switch #YouTube #実況 #ゲーム #ガジェット #カメラ #マイク #Amazon #楽天 #楽天ROOM🌈
シグマ(Sigma) の SIGMA 16mm F1.4 DC DN | Contemporary C017 | Sony Eマウント | APS-C/Super35 ミラーを Amazon でチェック！ https://t.co/yFJcFHNDQu @amazonより",1.3111352105666068e+18
9,2020-09-30 02:46:30,sheffdeals,"Apple Watch Series 3 42mm for $199; retail $229

Click Link Below👇
https://t.co/7em0kevKax

#deals #amazon #amazonprime #PresidentialDebate2020 #Debates2020 #debates #BlackTechTwitter #techtwitter #developers #Election2020 #tech #Apple #twitch #AppleWatch #ps5 #sheffdeals https://t.co/UMSFIb4CdK",1.3111353022626284e+18
10,2020-09-30 02:43:07,a_kralisch,Zedd https://t.co/9u1sYng09q via @YouTube #YouTubers #youtube #Zedd #dance #edm #music #musica #electronicdancemusic #musica #electronic #DJ #video #musicvideo #youtubevideo #spotify #wednesdaymorning #WednesdayMotivation #AmazonMusic #Amazon #AmazonPrime #Watch #VideoViral,1.3111344500933796e+18
11,2020-09-30 02:44:23,AncapGroup,#CuentaBancaria #CuentaEnElExterior #Personal #Empresarial #Compañía #LLC #Empresa #Emprendedor #Emprendedores #Ecommerce #Amazon #Workana #Freelancer #YouTube #Trading,1.311134771783893e+18
12,2020-09-30 02:47:25,sheffdeals,"Apple iPad Mini 5 64GB for $349.99; retail $399.99

Click Link Below👇
https://t.co/yZUXhxSlN4

#deals #amazon #amazonprime #PresidentialDebate2020 #Debates2020 #debates #BlackTechTwitter #techtwitter #developers #Election2020 #tech #Apple #twitch #ipad #macbook #ps5 #sheffdeals https://t.co/qIGDgbzlsI",1.311135534476075e+18
13,2020-09-30 02:44:12,sheffdeals,"💥DON'T MISS AMAZON PRIME DAY💥

SIGN UP FOR AMAZON PRIME FREE TRIAL TODAY!

Trial last for 30 days - Prime Day Oct 13-14th

Click Link Below👇
https://t.co/uVmStmbPEh

#deals #PresidentialDebate2020 #Debates2020 #debates #technology #amazon #developers #techtwitter #sheffdeals https://t.co/HYWNMt0CRb",1.3111347257134858e+18
14,2020-09-30 02:43:07,XperienceDope,"Blasting Pretty Dope Xperience - Follow @DomG_PDXRadio right now on Pretty Dope Xperience Radio aka #BlackPandora

listen now and catch a wave!! https://t.co/VqKFopeoex  #nowplaying #np #RT  #NowStreaming #Streema Download Now #Alexa #GooglePlay #iOSAppStore #Amazon #",1.3111344500765778e+18
15,2020-09-30 02:45:22,hidesan_tv,"#おすすめ #売れ筋 #ベストセラー #PS4 #Switch #YouTube #実況 #ゲーム #ガジェット #カメラ #マイク #Amazon #楽天 #楽天ROOM🌈
ソニー(SONY) の ソニー ミラーレス一眼 α6400 パワーズームレンズキット E PZ 16-50mm F3.5-5.6 OSS ブラを Amazon でチェック！ https://t.co/0bsEUYWVcI @amazonより",1.3111350154560102e+18
16,2020-09-30 02:45:50,creativemm12,"👉https://t.co/dbT5OGHw2j #amazon👈
💯👉Auto Follower👈💯
💯👉#自動相互フォロー👈💯

#相互リツイート
#Astros
#Eric #Trump
#Eric #Fisher
#TFB
#フォロバ100パーセント
#拡散希望RTお願いします
#相互リツイート
#FollowBack
#固定RT
#bts
#seventeen",1.3111351340374098e+18
17,2020-09-30 02:41:26,GetwithGET,"😯 #Amazon introduces the Amazon One, a way to pay with your palm when entering stores – TechCrunch https://t.co/peCQuqHbo5

#biometrics #gadgets #technews https://t.co/oC8lhy2bWR",1.311134025638183e+18
18,2020-09-30 02:45:36,AncapGroup,#CuentaBancaria #CuentaEnElExterior #Empresarial #Compañía #LLC #Empresa #Emprendedor #Emprendedores #Ecommerce #Amazon #Workana #Freelancer #YouTube #Trading #PayPal #Stripe,1.311135076902736e+18
19,2020-09-30 02:43:54,SenderKim,LoVing HoUSe Portable Incense Burner Arabic Electric USB Power Charg... https://t.co/l9iICMuFBW #Amazon,1.3111346496455557e+18
20,2020-09-30 02:46:39,hidesan_tv,"#おすすめ #売れ筋 #ベストセラー #PS4 #Switch #YouTube #実況 #ゲーム #ガジェット #カメラ #マイク #Amazon #楽天 #楽天ROOM🌈
ゼンハイザー(Sennheiser) の Sennheiser ゼンハイザー MKE 600 ガンマイク 【国内正規品】 を Amazon でチェック！ https://t.co/RTma2xLs9X @amazonより",1.3111353403090002e+18
21,2020-09-03 18:26:48,LenovoLegion,"Lenovo Legion x @PlayApex
Now is your chance to rise above the rest. 
Unmatched performance, purposeful engineering, modern design.
Gear up with a machine as savage as you are.
Stylish outside.
Savage inside.",1.301587465258578e+18
22,2020-09-30 02:42:08,sheffdeals,"All-New Toshiba 32-inch Smart HD FIRE TV 2020 for $179.99

Click Link Below👇
https://t.co/Gf6Ch5erkl

#deals #amazon #amazonprime #PresidentialDebate2020 #Debates2020 #debates #BlackTechTwitter #techtwitter #developers #Election2020 #tech #Apple #twitch #gamers #ps5 #sheffdeals https://t.co/o7JTww5mGs",1.3111342047937044e+18
23,2020-09-30 02:43:29,Surreshsurya,#Amazon I played this interesting Guess and Win on Amazon-Try your luck for a chance to win exciting rewards. https://t.co/lsQ8bKq6j3,1.3111345435674952e+18
24,2020-09-30 02:44:09,SenderKim,LoVing HoUSe Portable Incense Burner Arabic Electric Bakhoor USB Pow... https://t.co/1JwjFqYqwO #Amazon,1.311134709129175e+18
25,2020-09-30 02:47:25,brunoboni,The only viable way to get U$ 20bn to the rainforest is to get all greenbacks and compost them. #amazon #brazil #PresidentialDebate2020,1.31113553507593e+18
26,2020-09-30 02:42:19,hidesan_tv,"#おすすめ #売れ筋 #ベストセラー #PS4 #Switch #YouTube #実況 #ゲーム #ガジェット #カメラ #マイク #Amazon #楽天 #楽天ROOM🌈
ソニー(SONY) の ソニー ビデオカメラ FDR-AX45 4K 64GB 光学20倍 ブラック Handycam FDR-AX45 BC を Amazon でチェック！ https://t.co/k3oBQNMk2v @amazonより",1.3111342508385853e+18
27,2020-09-30 02:46:18,birikao_bida,"蝉しぐれ (新価格) [DVD] https://t.co/O9vXjRFMQM #Amazon
この時代劇大好きだった。",1.311135252941738e+18
28,2020-09-30 02:47:08,hidesan_tv,"#おすすめ #売れ筋 #ベストセラー #PS4 #Switch #YouTube #実況 #ゲーム #ガジェット #カメラ #マイク #Amazon #楽天 #楽天ROOM🌈
マンフロット(Manfrotto) の Manfrotto プロ三脚 190シリーズ カーボン 4段 MT190CXPRO4 を Amazon でチェック！ https://t.co/ocYT4mbbXC @amazonより",1.3111354624513434e+18
29,2020-09-30 02:43:14,prkshtverma61,"#AmazonSpinandWin 
#QuizTimeWithAmazon
Amazing quiz brings amazing gifts 😍
@amazon @amazonIN 
@lakshaysaini50
#amazon
#AmazonQuiz
#TryYourLuck
#FingersCrossed https://t.co/FH9qggV0kT",1.3111344784844308e+18
30,2020-09-30 02:47:46,CrazyChristina8,"Last Chance! Would you like to win a $50 Amazon Gift Card or PayPal Deposit? Check out this easy entry Gleam giveaway for a chance to #WIN

Open Worldwide

@GooseGiveaways #wingiftcard #wincash #amazon #paypal #winmoney #sweepstakes #giveaways https://t.co/jA8yCQpy5l",1.3111356214238372e+18
31,2020-09-30 02:42:43,sheffdeals,"Apple iPad Mini 5 64GB for $349.99; retail $399.99

Click Link Below👇
https://t.co/yZUXhxSlN4

#deals #amazon #amazonprime #PresidentialDebate2020 #Debates2020 #debates #BlackTechTwitter #techtwitter #developers #Election2020 #tech #Apple #twitch #f4f #macbook #ps5 #sheffdeals https://t.co/w2IwCLPvbk",1.311134349232935e+18
32,2020-09-30 02:40:44,rakten_kaden_,"09/30 11:40

マキタ　充電式クリーナー［コードレス／紙パック式］
【楽天】14037円
【Amazon】14135円

★楽天で購入すると★
 98円 お得（お得率1％）

↓お得な情報を一覧で確認出来るサイト
https://t.co/kMQYxgL6Rh

#楽天市場 #Amazon #お得 #せどり https://t.co/xb7kPwb9s8",1.3111338496617472e+18
33,2020-09-30 02:45:38,traysings,The greatest paradise is instant! Add it to your #amazon cart &amp; #download it NOW https://t.co/5Ai0wH9M95 #traysings #instantparadise #blacktwitter #newmusic #pressplay #share,1.3111350833158185e+18
34,2020-09-30 02:41:20,ShankNasties,New blanket for the couch came! #horrordecor #trickrtreat #halloween #amazon https://t.co/3ggqmrxzxy,1.3111340042094264e+18
35,2020-09-30 02:44:00,robinsh45177791,I played this interesting Guess and Win on Amazon https://t.co/v3NjUEVHs4 #Amazon,1.311134673007833e+18
36,2020-09-30 02:46:21,xiaohualiu5,"#Amazon  ゲーミングヘッドセット マイク付き：2999
 #レビュー募集
＃アマゾン＃アー
#アマゾンレビュー募集 
#拡散希望RTお願いします 
【応募方法】 ：
フォロー ＆RT&amp; LINE追加 
LINEはプロフィールの# https://t.co/FuoYuNlEJJ",1.3111352661663293e+18
37,2020-09-30 02:45:00,Haidji,"Read ""Think like a Monk - Train Your Mind for Peace and Purpose Every Day""  - Click on https://t.co/uFpMySnJi1 #books #thinkllikeamonk #JayShetty #reading #bestseller #amazon #amazonbooks #read #mustread #booklovers #BookWorm #bookstagram",1.3111349254295757e+18
38,2020-09-30 02:43:12,SociedadeEleita,"""O poderoso Hades, de implacável coração, habita sob a terra, onde tem sua morada."" Hesíodo - Poeta Grego.

https://t.co/8NBw1oOHWd

#sociedadeeleita #livro #Romance #fantasia #ebook #Kindle #KindleUnlimited #Amazon https://t.co/ueM7P6qBMZ",1.311134472130224e+18
39,2020-09-30 02:40:54,sheffdeals,"Wyze Cam 1080p HD Indoor Wireless Home Camera for $25.98

Click Link Below👇
https://t.co/IFpW5Oyw1x

#deals #amazon #amazonprime #PresidentialDebate2020 #Debates2020 #debates #BlackTechTwitter #techtwitter #developers #Election2020 #tech #Apple #twitch #gamers #ps5 #sheffdeals https://t.co/Nk2wCAjbbZ",1.3111338922131988e+18
40,2020-09-30 02:46:39,AncapGroup,#CuentaBancaria #CuentaEnElExterior #Personal #Empresarial #Compañía #LLC #Empresa #Emprendedor #Emprendedores #Ecommerce #Amazon #Freelancer #YouTube #PayPal #Trading,1.3111353406699233e+18
41,2020-09-30 02:41:51,best_deals_US,"You'll like this one
Camco 25523 Standard Levels

Offer price: $2.67 (30% OFF!)
Retail: $3.79

https://t.co/pf9VJFeSlc

#Amazon #deals #RT https://t.co/yBj9IROxm3",1.3111341342033306e+18
42,2020-09-30 02:42:32,0tbUpfrO35Vtncf,"第3のビール（新ジャンル）は10月1日より酒税が上がります。
本日までに第3のビールをお得に購入しましょう。 https://t.co/imQ9RTYY6P 
＃Amazon
#第3のビール 
＃新ジャンル
＃増税
＃酒税
＃ビール",1.311134305398059e+18
43,2020-09-30 02:45:42,ConsMustafa,"Pessoal que gosta de um desconto.
https://t.co/zBMiMdIgrf liberou cupom para linha de beleza e cuidado pessoais.

Clique no link abaixo para ativar o mesmo e aproveitar. 

https://t.co/78dNJuNNbK

#Amazon #cupom #AmazonPrimeVideo #AmazonPrimeDay https://t.co/OTzXivkCwm",1.3111351024124273e+18
44,2020-09-30 02:43:07,creativemm12,"👉https://t.co/k5cFWN99DM #amazon👈
💯👉Auto Follower👈💯
💯👉#自動相互フォロー👈💯

#FollowNGain
#Bad #Bunny #Crocs
#Eric #Trump
#Eric #Fisher
#TeamFollowback
#相互フォロー100
#相互リツイート
#FollowBack
#固定RT
#TFW
#TFB
#拡散希望RTお願いします",1.311134449019437e+18
45,2020-09-30 02:44:03,iamamanarora02,"RT Dazeinfo ""TRAI submitted a list of recommendations on Cloud Service Providers, (CSPs) to the Department of Telecommunication.

#news #technology #google #amazon #microsoft #cloudservices
https://t.co/TmYsYSifid""",1.3111346867904594e+18
46,2020-09-30 02:41:31,kadiyamsurendra,"@amazonIN @AmazonHelp @amazon
Hello Team when can we expect #OnePlusBudsNordBlue color in #Amazonin , Nord Blue color is available in https://t.co/JCQum9Feye.  Please have a check and confirm when can we expect the same in #Amazon",1.3111340490757857e+18
47,2020-09-30 02:47:45,blogosum,"#Books to cut the #road: The Lost Continent: Travels in Small-Town America by Bill Bryson

 https://t.co/NBk28hsuno

 #amazon #amazondeals #deals #travel #goodbook #reading #story #book #readbooks #favoritebooks #motivation #inspiration https://t.co/iBvlw5FW7c",1.311135617997312e+18
48,2020-09-30 02:46:54,masataka_net,Amazonの手のひら決済がすごい！ ｜ #聞くだけでちょっとだけギークになれるラジオ #テクノロジー #Amazon #コロナ #キャッシュレス #手のひら #認証 #静脈 #ひとり語り  #Radiotalk  https://t.co/QYLwAtxsbq,1.3111354022589194e+18
49,2020-09-30 02:42:22,miumiuMH,"#のぶみ さんが100人以上もの『胎内記憶』をお持ちのお子さんと話されて出来た作品。たくさんのお母さんに読んで欲しいです(๑&gt;◡&lt;๑)

#このママにきーめた! 
https://t.co/KONPnPRwmp #Amazon",1.3111342627420078e+18
,date,screen_name,tweet,tweet_id
0,2020-09-30 02:37:18,hon12345,I played this interesting Quiz on Amazon https://t.co/QVLDwLCQGr #Amazon,1.311132987270992e+18
1,2020-09-30 02:35:21,kana_ogawa,"【シューティングゲーム】ベスト10
VR シューティング スピリッツ (ブルー)
https://t.co/vAiUQDn7NI #Amazon",1.311132498319913e+18
2,2020-09-30 02:39:50,sheffdeals,"💥AMAZON PRIME MEMBERS!💥

GET TWO Echo Dot (3rd Gen) for $39.98

Click Link Below👇
https://t.co/vahFlURcJr

Use Coupon at checkout - DOTPRIME2PK

#deals #Amazon #PresidentialDebate2020 #Debates2020 #debates #AmazonDeals #PrimeDay2020 #BlackTechTwitter #techtwitter #sheffdeals https://t.co/SQKgrVnZPc",1.311133626659205e+18
3,2020-09-30 02:34:39,hidesan_tv,"#おすすめ #売れ筋 #ベストセラー #PS4 #Switch #YouTube #実況 #ゲーム #ガジェット #カメラ #マイク #Amazon #楽天 #楽天ROOM🌈
Logicool G(ロジクール G) の Logicool G ゲーミングヘッドセット 有線 G433BK 高音質 7.1ch Dolby 3.5mm uを Amazon でチェック！ https://t.co/48FIcEc6NL @amazonより",1.3111323211525612e+18
4,2020-09-30 02:39:38,akhi276,"This is not the 40% off I expected from @amazonIN, or is it?? 😅😅
.
.
#AmazonIndia #Amazon #Discount https://t.co/V3AHovxZ73",1.3111335758031012e+18
5,2020-09-30 02:36:52,chollosyoferta,"#Chollo #Amazon Funko Pop!   Marvel Black Panther: Figura de vinilo (23129) , color/modelo surtido

Precio oferta: 23,85

    👇👇👇👇👇👇👇
👉 https://t.co/0Dnfj6KB6f https://t.co/TuMe8GT454",1.3111328800353444e+18
6,2020-09-30 02:34:22,0tbUpfrO35Vtncf,"monroebaby 特大サイズゲルクッション 46.0×42.5×3.0cm 滑り止めカバー付き ダークブルー  https://t.co/p2LTYK1huc 
＃タイムセール
＃セール
#AMAZON
＃クッション
＃ゲルクッション",1.311132250705072e+18
7,2020-09-30 02:37:02,deocoakin,"#デオコーキン の大装です
本日の #amazon センター納品分と代理店様分出荷！
他社製品との大きな違い！
「銀錯体の核から #銀イオン が常に放出！」
銀自体は半永久物質！#酸化チタン は効果を持続される
特徴を持つ！だからデオコーキンは年体位で効果を
発揮続けることができる特許技術をもつ製品！ https://t.co/Ipjye6DVAu",1.3111329197594296e+18
8,2020-09-30 02:39:03,hidesan_tv,"#おすすめ #売れ筋 #ベストセラー #PS4 #Switch #YouTube #実況 #ゲーム #ガジェット #カメラ #マイク #Amazon #楽天 #楽天ROOM🌈
ASUSTek の 【https://t.co/AGbgPDtDd3限定】ASUS フレームレス モニター 23インチ IPS 薄さ7を Amazon でチェック！ https://t.co/nSlTRD7HTD @amazonより",1.3111334295393812e+18
9,2020-09-30 02:35:08,CoolDealCA,"WD 2TB Elements Portable External Hard Drive for $64.99!! (Retail: $129.99)

#freebies #deals #deal #moneysaver #greatdeal #steals #discount #sale #bargain #bargainshopper #cheap #bestprice #Amazon  #Deals #giveaway #Deal #ganga

 https://t.co/s6mX9qKQaE https://t.co/9Ip8TyZYnI",1.3111324439200195e+18
10,2020-09-30 02:35:32,kana_ogawa,"【シューティングゲーム】ベスト10
レーザークロスシューティング フルオートシングルセット
https://t.co/iuyTnmdw3W #Amazon",1.3111325425320878e+18
11,2020-09-30 02:39:39,chollosyoferta,"#Chollo #Amazon 92% DESCUENTO Gigaset DL500A ­ Teléfono fijo de teclas grande con contestador, color negro

Precio oferta: 137,56
Reacondicionado: 9,67

    👇👇👇👇👇👇👇
👉 https://t.co/cweA0kPZ08 https://t.co/fPeCFvrKcE",1.3111335786720788e+18
12,2020-09-30 02:35:00,kana_ogawa,"【シューティングゲーム】ベスト10
レーザークロスシューティング スターターダブルセット
https://t.co/2gI1aY7mKs #Amazon",1.3111324104073175e+18
13,2020-09-30 02:35:42,kana_ogawa,"【シューティングゲーム】ベスト10
Code of War: シューターオンライン
https://t.co/NJ44M212Ub #Amazon",1.3111325863080223e+18
14,2020-09-30 02:37:24,XperienceDope,"Blasting Goldlink, Ari Pensmith - Joke Ting (Club) right now on Pretty Dope Xperience Radio aka #BlackPandora

listen now and catch a wave!! https://t.co/VqKFopeoex  #nowplaying #np #RT  #NowStreaming #Streema Download Now #Alexa #GooglePlay #iOSAppStore #Amazon #",1.3111330109437747e+18
15,2020-09-30 02:38:56,sparkymom56,Love Fantasy &amp; SciFi? #Win a $100 #Amazon #GiftCard in this month's mega #BookBub #Giveaway via @sffbookbonanza: https://t.co/v36vt2kN9w,1.311133398879146e+18
16,2020-09-30 02:36:29,hidesan_tv,"#おすすめ #売れ筋 #ベストセラー #PS4 #Switch #YouTube #実況 #ゲーム #ガジェット #カメラ #マイク #Amazon #楽天 #楽天ROOM🌈
AVERMEDIA の AVerMedia Live Gamer EXTREME 2 GC550 PLUS [4Kパススルー対応 ゲームキャプチャーボックスを Amazon でチェック！ https://t.co/PZ1UVhoRPq @amazonより",1.3111327797871575e+18
17,2020-09-30 02:35:48,kana_ogawa,"【シューティングゲーム】ベスト10
甦る 20世紀アーケードゲーム大全 Vol.2 アクションゲーム・シューティングゲーム熟成期編
https://t.co/g87nNELzQ4 #Amazon",1.3111326082107638e+18
18,2020-09-30 02:39:17,RKSMonster,"Quer ajudar seu streamer do coração e ainda receber todo mês vários loots de jogos famosos e legais??? Assista ao vídeo lá no canal. Do YouTube: Ri Monster 

#streamer #youtube #youtubechannel #Amazon #amazonprime #twitch #YouTuber #lootgratis #loot #AmazonPrimeVideo #AmazonMusic https://t.co/ZqmXCMRCl7",1.311133486317736e+18
19,2020-09-30 02:36:08,JulianaMgc,Joe Biden is repeating the same fake news about the Amazon Rainforest! #fakenews #debates2020 #Brazil #PresidentialDebate #PresidentialDebate2020 #PresidentTrump #Amazon,1.3111326956411535e+18
20,2020-09-30 02:37:40,sheffdeals,"Apple iPad Mini 5 64GB for $349.99; retail $399.99

Click Link Below👇
https://t.co/yZUXhxSlN4

#deals #amazon #amazonprime #PresidentialDebate2020 #Debates2020 #debates #BlackTechTwitter #techtwitter #developers #Election2020 #tech #Apple #twitch #f4f #macbook #ps5 #sheffdeals https://t.co/nW4Lz5G8Oi",1.3111330815968256e+18
21,2020-09-30 02:32:52,0tbUpfrO35Vtncf,"モバイルモニター モバイルディスプレイcocopar 15.6インチ スイッチ用モニター 非光沢IPSパネル 薄い 軽量 1920x1080FHD USB Tpye-C/mini HDMI/カバー付 3年保証付 dg-156mx  https://t.co/ET6b3olZOy 
＃タイムセール
＃セール
＃Amazon
＃ディスプレイ
＃モニター
＃軽量",1.3111318705877934e+18
22,2020-09-30 02:36:32,Mencha_t,"#Amazon
https://t.co/QyLUEHspCE",1.3111327931795292e+18
23,2020-09-30 02:38:20,Wakachuli,@pukacosa Ejemplo: en #Amazon quiero ese libro de menos de 10 dólares.... https://t.co/ju4ENdLd4q,1.3111332458919158e+18
24,2020-09-30 02:39:17,sheffdeals,"Dell 23.8"" IPS Full HD (1920x1080) Monitor for $129.99

Click Link Below👇
https://t.co/mR9GsRFFtb

#deals #amazon #amazonprime #PresidentialDebate2020 #Debates2020 #debates #BlackTechTwitter #techtwitter #developers #Election2020 #tech #Apple #twitch #gamers #ps5 #sheffdeals https://t.co/tpFNaKOyFy",1.3111334884904468e+18
25,2020-09-30 02:35:02,hureaux,"Smart. There is also room to question #Amazon’s plans to create a database of customer #biometric data.
#recognition #privacy #palmrecognition #contactless #retail #biometry #biometrics #amazonone https://t.co/I2E7H6AAYO",1.3111324171561e+18
26,2020-09-30 02:37:44,hikosoya,日産化学 ラウンドアップマックスロード 5.5L https://t.co/GbQDXkSxUT #Amazon,1.3111330957607813e+18
27,2020-09-30 02:37:23,hidesan_tv,"#おすすめ #売れ筋 #ベストセラー #PS4 #Switch #YouTube #実況 #ゲーム #ガジェット #カメラ #マイク #Amazon #楽天 #楽天ROOM🌈
Logicool G(ロジクール G) の Logicool G ゲーミングマウス 無線 G703h HEROセンサー LIGHTSPEED ワイヤを Amazon でチェック！ https://t.co/gJaSAkdsrh @amazonより",1.3111330096475628e+18
28,2020-09-30 02:39:50,Alltrickz0,"#QuizTime #AmazonQuiz #Amazon #AllTrickz
In today's Amazon Quiz, you can win Samsung Galaxy M21.
So, don't miss out. Give it a shot. Who knows, you might win. Read on to know Amazon Quiz 30 September 2020 Answers. https://t.co/ylyfzec0P4",1.3111336264158863e+18
29,2020-09-30 02:38:14,sparkymom56,Love Speculative Fiction? #Win a $100 #Amazon #GiftCard in this #Facebook &amp; #Twitter #Giveaway via @sffbookbonanza: https://t.co/SpjyCfwHCW,1.3111332201261957e+18
30,2020-09-30 02:35:16,kana_ogawa,"【シューティングゲーム】ベスト10
第82話「ノキオシューティング」
https://t.co/f723adxGuP #Amazon",1.3111324762872463e+18
31,2020-09-30 02:37:38,creativemm12,"&lt;Current Weather&gt;
San Francisco
Temperature: 60.06°F/ Status: clouds
👉https://t.co/oF795RCqOW #amazon👈
💯👉Auto Follower👈💯
💯👉#自動相互フォロー👈💯

#autofollower
#Astros
#White #Sox
#Private #Equity
#TeamFollowBack
#500ADay
#autofollower
#followtri",1.3111330705530962e+18
32,2020-09-30 02:40:02,CloudChangelog,Amazon EventBridge Schema Registry announces support for JSON Schema https://t.co/O11v9aLyTh #AWS #Amazon,1.311133673085907e+18
33,2020-09-30 02:35:43,rakten_kaden_,"09/30 11:35

Panasonic/パナソニック EH-NA0E-
【楽天】27500円
【Amazon】28900円

★楽天で購入すると★
 1400円 お得（お得率5％）

↓お得な情報を一覧で確認出来るサイト
https://t.co/kMQYxgL6Rh

#楽天市場 #Amazon #お得 #せどり https://t.co/j23JJMiXqn",1.3111325897306235e+18
34,2020-09-30 02:35:37,kana_ogawa,"【シューティングゲーム】ベスト10
彩京 SHOOTING LIBRARY(シューティングライブラリ) Vol.1 - Switch
https://t.co/kNYs0YU1ZK #Amazon",1.3111325644179948e+18
35,2020-09-30 02:37:01,masa33masa333,"#鬼滅の刃 #Amazon

⭐️きめつたまごっち 全3種⭐️

☆たんじろうっちカラー
☆ねずこっちカラー 
☆きさつたいっちカラー
☆送料無料 
☆Amazon限定
https://t.co/vANyTtNyg7",1.311132915489669e+18
36,2020-09-30 02:33:06,gukibous,"If you love brick, but hate the cost to install it, then brick wallpaper may be just the thing for you and your home. You will be shocked at how stunning brick wallpaper can be.
https://t.co/0BbJw8eINp
#discount #Amazon #wallpapers #homedecoration  #home #homedesign https://t.co/bZZq7Xjtqk",1.3111319289935258e+18
37,2020-09-30 02:33:46,sheffdeals,"All-New Insignia 43-inch Smart 4K UHD Fire TV 2020 for $299.99

Click Link Below👇
https://t.co/AbRgWJFI0w

#deals #amazon #amazonprime #PresidentialDebate2020 #Debates2020 #debates #BlackTechTwitter #techtwitter #developers #Election2020 #Apple #twitch #gamers #ps5 #sheffdeals https://t.co/HowOyqsjHv",1.3111320964554138e+18
38,2020-09-30 02:38:41,sheffdeals,"All-New Insignia 43-inch Smart 4K UHD Fire TV 2020 for $299.99

Click Link Below👇
https://t.co/AbRgWJFI0w

#deals #amazon #amazonprime #PresidentialDebate2020 #Debates2020 #debates #BlackTechTwitter #techtwitter #developers #Election2020 #Apple #twitch #gamers #ps5 #sheffdeals https://t.co/T9VrPTTl1I",1.3111333343623782e+18
39,2020-09-30 02:35:27,kana_ogawa,"【シューティングゲーム】ベスト10
トイ・ストーリー4 一緒に戦え! バズ・ライトイヤー レーザーシューティング
https://t.co/vkC0ijnXOK #Amazon",1.3111325204407665e+18
40,2020-09-30 02:35:06,kana_ogawa,"【シューティングゲーム】ベスト10
Cops N Robbers (FPS) - Mine Mini Pixel Style Gun Shooter &amp; Survival Multiplayer
https://t.co/diRpduNUrN #Amazon",1.3111324324484055e+18
41,2020-09-30 02:33:25,AmazonNey,"Vem aí o PRIME DAY
👉: https://t.co/R0OlUjOIEV 
Assinatura AMAZON PRIME 
👉: https://t.co/CM2DEDgDIx 
#PrimeDayBrasil #Amazon #amazonprime #oferta #descontos #streaming #DireitaUnida #BolsonaroOrgulhaOBrasil #SDVGERAL https://t.co/31tyxxcNTq",1.3111320105561252e+18
42,2020-09-30 02:36:43,kimura_books,どうすれば素晴らしい人材になれるのか、あるいは素晴らしい人材を育成出来るのかを知りたくはないですか？　酒井穣「日本で最も人材を育成する会社」 https://t.co/wurORH3RvF #books #amazon,1.31113284023543e+18
43,2020-09-30 02:35:11,kana_ogawa,"【シューティングゲーム】ベスト10
レーザークロスシューティング コンパクトダブルセット
https://t.co/DK1aXTyHlu #Amazon",1.3111324543510733e+18
44,2020-09-30 02:34:44,AutoraKamilaPL,Revisando o próximo lançamento no #Amazon #Kindle 📚🥰,1.311132343273431e+18
45,2020-09-30 02:40:15,sheffdeals,"💥DON'T MISS AMAZON PRIME DAY💥

SIGN UP FOR AMAZON PRIME FREE TRIAL TODAY!

Trial last for 30 days - Prime Day Oct 13-14th

Click Link Below👇
https://t.co/uVmStlUeMJ

#deals #PresidentialDebate2020 #Debates2020 #debates #technology #amazon #developers #techtwitter #sheffdeals https://t.co/NHeDzjvlF3",1.311133727683162e+18
46,2020-09-30 02:34:34,Uber1800,"Nintendo Switch 本体 (ニンテンドースイッチ) Joy-Con(L)/(R) グレー　
https://t.co/Py8v2cQbNa #Amazon",1.3111322986543514e+18
47,2020-09-30 02:35:36,hidesan_tv,"#おすすめ #売れ筋 #ベストセラー #PS4 #Switch #YouTube #実況 #ゲーム #ガジェット #カメラ #マイク #Amazon #楽天 #楽天ROOM🌈
ソニー(SONY) の SONY エレクトレットコンデンサーマイクロホン ECM-PCV80U + ポップガード付きセット を Amazon でチェック！ https://t.co/jAxrsYOeRn @amazonより",1.3111325581097615e+18
48,2020-09-30 02:38:13,hidesan_tv,"#おすすめ #売れ筋 #ベストセラー #PS4 #Switch #YouTube #実況 #ゲーム #ガジェット #カメラ #マイク #Amazon #楽天 #楽天ROOM🌈
Logicool G(ロジクール G) の Logicool G ゲーミングキーボード 有線 G213 パームレスト 日本語配列を Amazon でチェック！ https://t.co/ARw3wYA884 @amazonより",1.3111332166825533e+18
49,2020-09-30 02:37:23,Racer_Veb,"@homefirstindia @AaravS28 @Zaaid08 @ranchikuldeep @SunilDSouza_ @satyapaljain_86 @blessedkamal @imPalak18 @karan875 @Sagar2612 @abha_mishra19 #win #play #answers #AmazonVoucher #Amazon #WINNER #Share #HomeFirst 

@sengodan4 @Rain_Man25 @gulzar_rai @pratishtha1001 @princess_anshu @SushmaSonu333 @PrernaJ54110576 @PritiNivoriya @Sann_Jeev @NishantJain_88 @emNishant @SassyAnokhi_ @KajolSaxena7 @PrernaJ54110576 @Sagar1raut",1.3111330091190477e+18
,date,screen_name,tweet,tweet_id
0,2020-09-30 02:28:44,ValerieChacon7,"Last Chance! Would you like to win a $50 Amazon Gift Card or PayPal Deposit? Check out this easy entry Gleam giveaway for a chance to #WIN

Open Worldwide

@GooseGiveaways #wingiftcard #wincash #amazon #paypal #winmoney #sweepstakes #giveaways https://t.co/WEVvgJKoUs",1.3111308300860498e+18
1,2020-09-30 02:28:55,atribeiro,"📚 Do Mil ao Milhão. Sem Cortar o Cafezinho 
💲 De: R$34,90 por R$17,90
🛒 Compre aqui: https://t.co/qSx5UVzu9Q

#Amazon #livro #booktwitter #bookstan",1.3111308786728673e+18
2,2020-09-30 02:29:05,VolGirl_4Life,"1 dead. 1 in the hospital from the Amazon shooting.
Now I feel like a dirtbag for being mad about Lexie’s medicine. 
It happened at the DC that services us. #amazon",1.311130919458177e+18
3,2020-09-30 02:30:52,sheffdeals,"Wyze Cam 1080p HD Indoor Wireless Home Camera for $25.98

Click Link Below👇
https://t.co/IFpW5Oyw1x

#deals #amazon #amazonprime #PresidentialDebate2020 #Debates2020 #debates #BlackTechTwitter #techtwitter #developers #Election2020 #tech #Apple #twitch #gamers #ps5 #sheffdeals https://t.co/IgDcmaRCyL",1.3111313671331185e+18
4,2020-09-30 02:30:42,yuki_nagase,"【防犯ブザー】ベスト10
防犯ブザー 防犯ベル 防犯アラーム PHYSEN アラームベル LEDライト付き USB充電式 大音量130dB 子ども 大人 老人 男の子 女の子に適応 ネックストラップ付
https://t.co/0TV0tPm1cg #Amazon",1.311131328067244e+18
5,2020-09-30 02:30:59,MoGalore,"FIND A GREAT READ HERE
100 Books to read in a lifetime #Amazon
https://t.co/I7UciQaAcg",1.3111313969714176e+18
6,2020-09-30 02:30:01,yuki_nagase,"【防犯ブザー】ベスト10
レイメイ藤井 防犯ブザー 生活防滴 ブルー EBB131A
https://t.co/qb7ZohQ5gW #Amazon",1.31113115234261e+18
7,2020-09-30 02:30:58,0tbUpfrO35Vtncf,"アマゾンタイムセール情報
【3本セット】INIU USB Type C ケーブル【0.5+1+2m】3A QuickCharge3.0 急速充電 USBタイプCケーブル 編みファブリック USB A to USB C  https://t.co/UzClVZoppR
＃タイムセール
＃セール
＃Amazon
#usb
#タイプC
#USBケーブル
＃充電",1.311131394827985e+18
8,2020-09-30 02:31:56,atribeiro,"📚 A arte da guerra: Os treze capítulos completos
💲 De: R$ 24,00 por R$12,10
🛒 Compre aqui: https://t.co/YL245QCJN0
Frete grátis Prime

#Amazon #livro #booktwitter #bookstan",1.3111316353714422e+18
9,2020-09-30 02:30:27,yuki_nagase,"【防犯ブザー】ベスト10
リヒトラブ 防犯ブザー プニラボ ハチワレネコ A7718-4
https://t.co/pATJ4loiEY #Amazon",1.311131262145323e+18
10,2020-09-30 02:30:05,sheffdeals,"All-New Toshiba 32-inch Smart HD FIRE TV 2020 for $179.99

Click Link Below👇
https://t.co/Gf6Ch5erkl

#deals #amazon #amazonprime #PresidentialDebate2020 #Debates2020 #debates #BlackTechTwitter #techtwitter #developers #Election2020 #tech #Apple #twitch #gamers #ps5 #sheffdeals https://t.co/rmw4oM1dzy",1.311131172412502e+18
11,2020-09-30 02:31:12,sheffdeals,"Dell 23.8"" IPS Full HD (1920x1080) Monitor for $129.99

Click Link Below👇
https://t.co/mR9GsRFFtb

#deals #amazon #amazonprime #PresidentialDebate2020 #Debates2020 #debates #BlackTechTwitter #techtwitter #developers #Election2020 #tech #Apple #twitch #gamers #ps5 #sheffdeals https://t.co/2VNnq0G4jd",1.3111314505242665e+18
12,2020-09-30 02:29:24,maico0303,Perfume COSTUME BOOK 2005-2020 https://t.co/WqUxxUaUvF #Amazon,1.3111310007521485e+18
13,2020-09-30 02:31:42,QuickShopDeals,"***Great Deal***Low Price***
Im Just Here for the Boos Shirt Funny Gift Halloween Ghost T-Shirt
Price$13.99*Free ship*Great for  Halloween*
https://t.co/jSOpFSmGm0
#amazon #amazondeals #deals #sale #save #savings #shp #halloween https://t.co/Cr6zRVBZQV",1.3111315782156e+18
14,2020-09-30 02:29:11,sheffdeals,"💥DEAL ALERT 44% OFF!💥

LG Nano 8 55"" 4K Ultra HD Smart LED w/ Alexa for $499.99; retail $899.99

Click Link Below👇
https://t.co/XO6PVnY4kL

#deals #amazon #amazonprime #PresidentialDebate2020 #Debates2020 #debates #BlackTechTwitter #twitch #Election2020  #sheffdeals #ps5 https://t.co/b8rVXpBfjs",1.3111309446911468e+18
15,2020-09-30 02:30:37,yuki_nagase,"【防犯ブザー】ベスト10
SIBLING センサーライト 防犯アラーム 大音量ブザー LEDライト 自動点灯 ドア 窓 防犯 家庭防犯 盗難対応 不審者対策
https://t.co/NuJCoAds1e #Amazon",1.3111313062358467e+18
16,2020-09-30 02:31:17,CoolDealCA,"💲💰
Russell Stover Sugar-Free Hard...
Reduced from $15.84 to $7.98

# #Deals #new #Deals #Amazon  #Deal #ganga

 https://t.co/Qkw00Kihtg https://t.co/Xfe2gk6WBk",1.3111314750523433e+18
17,2020-09-30 02:30:05,CashmintIN,Flash sale on 1st october. Mi Band 5  https://t.co/CIuhbQ2hWC via #amazon https://t.co/vshy1LNXKP,1.3111311731172024e+18
18,2020-09-30 02:28:45,jonestowne,#AmazonOne: Palm scanner launched for 'secure' payments - BBC News https://t.co/oJE6yskLHI | #Amazon #Seattle #Washington,1.311130834548777e+18
19,2020-09-30 02:30:03,YabRock,Led Zeppelin IV / #LedZeppelin https://t.co/PIu9tB7EAx #HardRock #HeavyMetal #アマゾン #Amazon #AmazonJP,1.3111311607396024e+18
20,2020-09-30 02:30:00,ClarkDeals,Amazon Prime members: Spend $10 at Whole Foods &amp; receive a $10 credit https://t.co/GDrOeEEUPv #Amazon #Prime #deals #PrimeDay https://t.co/U8jRFwtie6,1.311131150560252e+18
21,2020-09-30 02:29:01,darkcomlee1,"""Amazonレビュー募集中！！
商品代金は全額補償
ご興味ある方はぜひともご参加いただきたいです！
#amazon #アマゾン #レビュー #レビュアー #無料 #サンプル #試供品 #お試し #モニター  #新商品 #アマゾンレビュー #Amazonレビュー #レビュー募集"" https://t.co/1tzoHthkIW",1.31113090237048e+18
22,2020-09-30 02:30:32,yuki_nagase,"【防犯ブザー】ベスト10
雨も安心 生活 防水 IPX5 防犯ブザー ビーンズタイプ II 3967
https://t.co/EuiiAXrC0Y #Amazon",1.3111312842283377e+18
23,2020-09-03 18:26:48,LenovoLegion,"Lenovo Legion x @PlayApex
Now is your chance to rise above the rest. 
Unmatched performance, purposeful engineering, modern design.
Gear up with a machine as savage as you are.
Stylish outside.
Savage inside.",1.301587465258578e+18
24,2020-09-30 02:30:43,rakten_kaden_,"09/30 11:30

《レビュー書いてバスマットプレゼント★》洗濯機 6
【楽天】22800円
【Amazon】25980円

★楽天で購入すると★
 3180円 お得（お得率14％）

↓お得な情報を一覧で確認出来るサイト
https://t.co/kMQYxgtvZJ

#楽天市場 #Amazon #お得 #せどり https://t.co/2S5luivUmh",1.3111313296570122e+18
25,2020-09-30 02:29:14,ykswld,ロゴス ぴったりグランドシート 正方形タ...今売れています！https://t.co/Fmyn6XjjbE #follow #sougo #Amazon #アマゾン,1.3111309556635116e+18
26,2020-09-30 02:30:16,yuki_nagase,"【防犯ブザー】ベスト10
クツワ STAD 防犯アラーム SL022BL ブルー
https://t.co/txf1cFrkX2 #Amazon",1.3111312181261066e+18
27,2020-09-30 02:30:45,FullsenMx,"De amor propio y al otro, nos cuídamos todos. 
¿Ya nos vísitaste en #Amazon ? 👉👉https://t.co/sR6cREb3DS https://t.co/DHW9HxVkqm",1.3111313384357028e+18
28,2020-09-30 02:30:05,Demi19951,"""Amazonレビュー募集中！！
商品代金は全額補償
ご興味ある方はぜひともご参加いただきたいです！
#amazon #アマゾン #レビュー #レビュアー #無料 #サンプル #試供品 #お試し #モニター  #新商品 #アマゾンレビュー #Amazonレビュー #レビュー募集"" https://t.co/l5eKmZKzaF",1.3111311696189809e+18
29,2020-09-30 02:30:05,LupitaVenegasDC,"Para solicitar mi material escribe al correo: 💻 dmonfer01@valoraradio.org 📚📗💽
En #Amazon 💻 ingresa a esta liga 👇
https://t.co/b2efwwJcpZ https://t.co/eGkdqyXgH4",1.311131172597117e+18
30,2020-09-30 02:32:20,CoolDealCA,"💲💰
Neewer 79"" Adjustable Carbon F...
Reduced from $139.99 to $68.60

# #Deals #new #Deals #Discounts #Amazon  #Deal #ganga

 https://t.co/0VBfEruldR https://t.co/IvSIejlEwl",1.3111317382828892e+18
31,2020-09-30 02:30:42,creativemm12,"#ジェフリー・ディーン・モーガン の 境界線
https://t.co/4IcWQCss2X
#followermachine
#marketing
#amazon
#White #Sox
#Tottenham #vs #Chelsea
#熱刺",1.3111313269892342e+18
32,2020-09-30 02:30:05,Dazeinfo,"TRAI submitted a list of recommendations on Cloud Service Providers, (CSPs) to the Department of Telecommunication.

#news #technology #google #amazon #microsoft #cloudservices
https://t.co/7ks4HwufC6",1.3111311699965788e+18
33,2020-09-30 02:29:34,Info_forever01,CHANEL(シャネル) エゴイスト プラチナム EDT 100ml 【並行輸入品】  https://t.co/wgceXxpKq6　シャネル(*´∀`*)　#amazon #beauty #beautiful #happy #life #cosme #bodycare #skincare #everyday #chanel #シャネル,1.3111310406946243e+18
34,2020-09-30 02:30:00,Jiani_Socks_JP,"明日からは台湾の月の節句
皆様のご健康とご多幸を毎日願っております🙂🙂

2点以上お買い上げの場合、チェックアウト時にコード「JIANI777」を入力すると、ご注文から5％オフになります。🎉🎉

AMZONJP: https://t.co/xKm3h2Dpks

#Jiani #JianiSport 
#Amazon #ランニング 
#着圧ソックス #マラソン https://t.co/ISSKDeLUqX",1.311131150333571e+18
35,2020-09-30 02:32:26,XperienceDope,"Blasting Usher, Rick Ross - Lemme See (Intro) Club) right now on Pretty Dope Xperience Radio aka #BlackPandora

listen now and catch a wave!! https://t.co/VqKFopeoex  #nowplaying #np #RT  #NowStreaming #Streema Download Now #Alexa #GooglePlay #iOSAppStore #Amazon #",1.311131760730747e+18
36,2020-09-30 02:31:15,prkshtverma61,"I played this interesting Quiz on Amazon-Play games at Amazon FunZone  https://t.co/Ivjm79wk4Q
#QuizTimeMorningsWithAmazon
@amazon @amazonIN 
@lakshaysaini50 @pks78600 @Taruna60601741
#amazon
#AmazonQuiz
#TryYourLuck
#FingersCrossed",1.3111314652125512e+18
37,2020-09-30 02:30:17,buybooks_amazon,#BestBooks #Amazon #Novel : MY NAME IS LUCY BARTON --&gt; https://t.co/kybo9bK4rs,1.3111312219261133e+18
38,2020-09-30 02:30:11,yuki_nagase,"【防犯ブザー】ベスト10
Topbasic 防犯ブザー 小学生 女性 2個セット ランドセル 防犯アラーム 防犯警報器 大音量120dB LEDライト付き 子供 お年寄り ピンクとブルー
https://t.co/ShtKOpnsSv #Amazon",1.3111311961899418e+18
39,2020-09-30 02:30:06,yuki_nagase,"【防犯ブザー】ベスト10
防犯ブザー 防犯アラーム Qosea 140dB 爆音 LEDライト付き 小学生/女性/お年寄り 大音量アラーム 痴漢撃退 誘拐防止 ピンを抜くだけ 2個セット 卵型（ブラック）
https://t.co/Cc5i6Kti3O #Amazon",1.3111311742117806e+18
40,2020-09-30 02:30:21,yuki_nagase,"【防犯ブザー】ベスト10
防犯ブザー LEDライト付き ランドセル 防犯警報器 パーソナルアラームサイレンソング1ピース-ミニ緊急LED懐中電灯を備えた130dB自己防衛アラームキーチェーン-少女や高齢者向けの安全な個人保護 防犯アラームUSB充電機能付き130dB爆音 (青)
https://t.co/nG7rK55FDK #Amazon",1.311131240162943e+18
41,2020-09-30 02:31:58,sheffdeals,"💥LG 50"" 4K Ultra HD Smart TV Alexa Built-In (2020) for $363.99; retail $399.99

Click Link Below👇
https://t.co/5wa8KTiGx3

#deals #amazon #amazonprime #PresidentialDebate2020 #Debates2020 #debates #BlackTechTwitter #techtwitter #developers #Election2020 #tech #Apple #sheffdeals https://t.co/uPInrWvJfl",1.3111316459368899e+18
42,2020-09-30 02:31:19,heidione40,"Last Chance! Would you like to win a $50 Amazon Gift Card or PayPal Deposit? Check out this easy entry Gleam giveaway for a chance to #WIN

Open Worldwide

@GooseGiveaways #wingiftcard #wincash #amazon #paypal #winmoney #sweepstakes #giveaways https://t.co/hsZJ7XUYro",1.3111314825058427e+18
43,2020-09-30 02:30:02,amazon_rankinQ,"【メンズ腕時計】
[カシオ] 腕時計 ジーショック ドラゴンボールＺ コラボレーションモデル GA-110JDB-1A4JR メンズ
￥28,444
https://t.co/qQRA58CKM3
#amazon",1.3111311600433807e+18
44,2020-09-30 02:30:48,yuki_nagase,"【防犯ブザー】ベスト10
ソニック 防犯ブザー 軽くて丈夫な防犯ブザー バイオレット GS-7034-V
https://t.co/0DfFTlOi2R #Amazon",1.311131349999186e+18
45,2020-09-30 02:31:25,chollosyoferta,"#Chollo #Amazon Samsung Crystal UHD 2020 55TU7005  Smart TV de 55"" con Resol

Precio original: 505,0
Precio oferta: 430,98

    👇👇👇👇👇👇👇
👉 https://t.co/e5FeMuusQM https://t.co/ql4OxfYKfA",1.3111315072437862e+18
46,2020-09-30 02:32:21,cmh9952,"Last Chance! Would you like to win a $50 Amazon Gift Card or PayPal Deposit? Check out this easy entry Gleam giveaway for a chance to #WIN

Open Worldwide

@GooseGiveaways #wingiftcard #wincash #amazon #paypal #winmoney #sweepstakes #giveaways https://t.co/qGHmCCb5Sg",1.3111317423555543e+18
47,2020-09-30 02:31:28,jungle_kurobee,【ジャングルの常識PR】ジャングル黒べえ オリジナルサウンドトラック 音楽の常識! https://t.co/cGHUjt4q3o #amazon   原作・藤子・F・不二雄、監督・出崎統、音楽・三沢郷、1973年に放送されたTVアニメ『ジャングル黒べえ』の初のサウンドトラック。,1.3111315180314255e+18
48,2020-09-30 02:31:11,TheInStockRoom,"***New Deal***
Russell Stover Sugar-Free Hard...
Reduced from $15.84 to $7.98
https://t.co/GH1ivZkJEO
#Deals #newDeals #Amazon https://t.co/76RKW1T02X",1.311131449429459e+18
49,2020-09-30 02:32:14,TheInStockRoom,"***New Deal***
Neewer 79"" Adjustable Carbon F...
Reduced from $139.99 to $68.60
https://t.co/Gg0TjLHW2X
#Deals #newDeals #Discounts #Amazon https://t.co/cpf1au9X83",1.3111317121817313e+18
,date,screen_name,tweet,tweet_id
0,2020-09-30 02:25:42,rakten_kaden_,"09/30 11:25

パナソニック(Panasonic) 電動歯ブラシ 
【楽天】18400円
【Amazon】18980円

★楽天で購入すると★
 580円 お得（お得率3％）

↓お得な情報を一覧で確認出来るサイト
https://t.co/kMQYxgL6Rh

#楽天市場 #Amazon #お得 #せどり https://t.co/euNllSfD1e",1.3111300698514678e+18
1,2020-09-30 02:19:27,0tbUpfrO35Vtncf,"アマゾンタイムセール 
Kingnova 電動ドリルドライバー 12Vドリルドライバーセット  充電式 コードレス 1台3役 無段変速 正逆転可能 21+3段トルク 最大26Nm LED照明アクセサリー49本   日本語説明書 収納バッグ付きhttps://t.co/KTC2zcsSl1 
＃タイムセール
＃セール
＃Amazon
＃DIY
＃工具",1.3111284946386903e+18
2,2020-09-30 02:19:14,hidesan_tv,"#おすすめ #売れ筋 #ベストセラー #PS4 #Switch #子供 #プレゼント #おもちゃ #ゲーム #Amazon #楽天 #楽天ROOM🌈
ニンテンドードリーム編集部 の あつまれ どうぶつの森 完全攻略本+超カタログ を Amazon でチェック！ https://t.co/7KVftyUL2R @amazonより",1.311128439554896e+18
3,2020-09-30 02:20:23,CoolDealCA,"Best Selling L-Shape Desk back for $99.87!! 🔥 

#freebies #deals #deal #moneysaver #greatdeal #steals #discount #sale #bargain #bargainhunter #cheap #bestprice #Amazon  #Deals #giveaway #Deal #ganga

 https://t.co/39CYWOKHfk https://t.co/YWffT7COAt",1.3111287321413345e+18
4,2020-09-30 02:25:23,QuickShopDeals,"***Great Deal***Low Price***
FUNARTY Set of 4 Halloween Throw Pillow Covers Trick or Treat Pumpkin Cotton Linen Home Decor Cushion Case for Sofa 18x18 Inch
Reg$16.99 to $12.99 *Free ship*
https://t.co/3hwgU5m0oL
#amazon #amazondeals #deals #sale #save #savings #shop #halloween https://t.co/qmCQNkXGVG",1.311129989312635e+18
5,2020-09-30 02:22:10,Jones1954Marion,Join me in asking @FP_Champagne not to reward the destruction of the #Amazon! 🔥🔥 Immediately halt the Canada-Mercosur free trade deal &gt;&gt; #ActForAmazon #ClimateAction @GreenpeaceCA https://t.co/lS94lO4jPW,1.3111291768673649e+18
6,2020-09-30 02:20:42,rakten_kaden_,"09/30 11:20

送料無料 パナソニック ヘアードライヤー ナノケア
【楽天】14200円
【Amazon】14403円

★楽天で購入すると★
 203円 お得（お得率1％）

↓お得な情報を一覧で確認出来るサイト
https://t.co/kMQYxgL6Rh

#楽天市場 #Amazon #お得 #せどり https://t.co/n0LNyzptYj",1.311128809953882e+18
7,2020-09-30 02:19:18,QuickShopDeals,"***Great Deal***Low price***
lymanchi Women Slouchy Shirts Halloween Pumpkin Long Sleeve Sweatshirts Pullover
Price$21.99*Free ship*
https://t.co/fznZxPdDM8
#amazon #amazondeals #deals #sale #save #savings #shop https://t.co/k1kgJp9LWk",1.3111284580477542e+18
8,2020-09-30 02:24:22,Godeda2z,"#spotify
#youtube 
#amazon 
#Udux
#Facebook https://t.co/ZrOIhQydiE",1.3111297312202793e+18
9,2020-09-30 02:23:47,sheffdeals,"💥LG 50"" 4K Ultra HD Smart TV Alexa Built-In (2020) for $363.99; retail $399.99

Click Link Below👇
https://t.co/5wa8KTiGx3

#deals #amazon #amazonprime #PresidentialDebate2020 #Debates2020 #debates #BlackTechTwitter #techtwitter #developers #Election2020 #tech #Apple #sheffdeals https://t.co/VwsC8mhQcm",1.3111295862064701e+18
10,2020-09-30 02:22:11,Chencha38198867,"ニット帽子 ネックウォーマー 秋 冬 ビーニーキャップ 裏地 フリース 伸縮性 防寒 保温 男女兼用 ブルー ブラック
元値:1280円
#レビュー募集 #レビューアー #レビュー #アマゾンレビュー #全額返金 #無料 #副業 #懸賞 #Amazon #ギフト券 #ペイパル https://t.co/jRHxX3xOzU",1.3111291844968325e+18
11,2020-09-30 02:28:03,HumankindNovel,Available now on #Amazon! https://t.co/YyQaeoTNaG https://t.co/VARw2JgR0y,1.3111306598392422e+18
12,2020-09-30 02:21:29,shubhsaraf361,"I played this interesting Guess and Win on Amazon-Try your luck for a chance to win exciting rewards. https://t.co/vA9Hks4Itc

#AmazonQuiz 
#Amazon",1.311129007224623e+18
13,2020-09-30 02:28:21,MechInATek1997,"YOU HAVE NO RIGHT ABOUT SAYING WRONG STUFF ABOUT THE #AMAZON!
Its irrelevant for O2 production compared to the ""pulmão do mundo"" lie, its good for Rains in the rest of Brasil, so stop saying dumb stuff",1.311130736888623e+18
14,2020-09-30 02:22:40,sheffdeals,"Dell 23.8"" IPS Full HD (1920x1080) Monitor for $129.99

Click Link Below👇
https://t.co/mR9GsRFFtb

#deals #amazon #amazonprime #PresidentialDebate2020 #Debates2020 #debates #BlackTechTwitter #techtwitter #developers #Election2020 #tech #Apple #twitch #gamers #ps5 #sheffdeals https://t.co/3v9PKOwYNZ",1.3111293050831872e+18
15,2020-09-30 02:25:31,CoolDealCA,"Perfect home office addition 🏠

AstroAI Mini Fridge for $44.99!!

#freebies #deals #deal #moneysaver #greatdeal #steals #discount #sale #bargain #bargainhunter #cheap #bestprice #Amazon  #Deals #giveaway #Deal #ganga

 https://t.co/96Z5VAOnBM https://t.co/Hv0sKyDUV3",1.3111300220030403e+18
16,2020-09-30 02:19:12,sheffdeals,"Dell 23.8"" IPS Full HD (1920x1080) Monitor for $129.99

Click Link Below👇
https://t.co/mR9GsRFFtb

#deals #amazon #amazonprime #PresidentialDebate2020 #Debates2020 #debates #BlackTechTwitter #techtwitter #developers #Election2020 #tech #Apple #twitch #gamers #ps5 #sheffdeals https://t.co/U9fcpKF5t6",1.3111284333223485e+18
17,2020-09-30 02:25:27,ta__ki__bi,"43%オフも！Amazonで「焚き火台」や「バーナー」が今ならお買い得!!

#キャンプ　#アウトドア　#camp　#outdoor　#ta__ki__bi　#Amazon　#タイムセール https://t.co/dicwoDbTB4",1.3111300051754025e+18
18,2020-09-30 02:26:53,uketoricancel,"#無断受取拒否なくそう
代引きの注文を無断で受取拒否するのは絶対にダメです❌
ショップ運営者様の強い味方❗️
無料で使える❗️無断受取拒否対策❗️

https://t.co/Mg8HrRc0LI
#ミンネ #楽天 #ヤフー #メルカリ #ラクマ #amazon",1.3111303643629445e+18
19,2020-09-30 02:28:00,Haidji,"“Where different worlds touch each other arises a new world. Inside this..."" #books click on https://t.co/Tz5cM6BIBW  #quoteoftheday #quotes #kindleunlimited #bookquotes #read #ebook #ku  #paperback #amazon  #inspiration #haidji #goodreads #books #read #reading #BookBoost #book https://t.co/AfIIvY2hgR",1.3111306455742505e+18
20,2020-09-30 02:20:45,YbKx8OUktsEX9SU,"埼玉誕生150周年☆
私が選ぶ150周年を彩る  #ロゴマーク はこれだ！
@saitama150th ではプレゼントCPを実施中！～10/12
抽選で20名に  #Amazon  #ギフト券 500円分を  #プレゼント ♪
 https://t.co/CJt6VO6sCh",1.311128823858e+18
21,2020-09-30 02:24:07,atribeiro,"📚 Alice no País das Maravilhas - capa dura (Classic Edition)
💲 De: R$54,90 por R$36,51
🛒 Compre aqui: https://t.co/Vf9Gc8shEc

#Amazon #livro #booktwitter #bookstan",1.3111296681254216e+18
22,2020-09-30 02:20:04,sheffdeals,"All-New Toshiba 32-inch Smart HD FIRE TV 2020 for $179.99

Click Link Below👇
https://t.co/Gf6Ch5erkl

#deals #amazon #amazonprime #PresidentialDebate2020 #Debates2020 #debates #BlackTechTwitter #techtwitter #developers #Election2020 #tech #Apple #twitch #gamers #ps5 #sheffdeals https://t.co/BFhtUYOhYu",1.3111286497777132e+18
23,2020-09-30 02:26:59,atribeiro,"📚 A garota do lago 
💲 De: R$39,90 por R$12,90
🛒 Compre aqui: https://t.co/zMTOrknWWd

#Amazon #livro #booktwitter #bookstan #garotadolago",1.3111303906949652e+18
24,2020-09-30 02:24:28,shubhsaraf361,"I played this interesting Quiz on Amazon-Play games at Amazon FunZone  https://t.co/x8JFX7jcYk

#AmazonQuiz 
#amazon
#amzongreatindianfestival",1.3111297595191337e+18
25,2020-09-30 02:23:41,0tbUpfrO35Vtncf,"アマゾンタイムセール情報緒
YAZACO の 2カメラ ドライブレコーダー 前後カメラ 車内外同時撮影 SONY STARVISセンサー 2K 500万画素  1080P GPS機能 2.0インチ 18ヶ月保証 日本語説明書 後37分で終了  https://t.co/jTsG1X7OHn 
＃タイムセール
＃セール
＃Amazon
＃ドラレコ
＃煽り運転
＃危険運転",1.311129560499409e+18
26,2020-09-30 02:24:34,GoldenbaumChris,"Here's my story on Brazil's rainforest #Amazon and how deforestation happens

https://t.co/wDiouVKgyR   

#Debates2020 #Trump #Biden #USA",1.3111297817993953e+18
27,2020-09-30 02:23:00,amitabhisgood,"Join DrJose in #Shortstories series from  #author Amitabh Choudhury, now on #kindleunlimited. 

Book-1: Thank you 
Sub-title: Short #family story

#Amazon: 
#USA: https://t.co/Qnu6yi1tbi

#NewYork #California #Florida #Miami #LA",1.311129387627098e+18
28,2020-09-30 02:19:56,ChrissyGuenther,"Dainty Moon Phase Necklace, Crescent Moon Waxing or Waning, New Moon, Full Mo... https://t.co/KWqWOPV5tH via @amazon 

#jewelry #Amazon #handmade #giftideas",1.3111286179010642e+18
29,2020-09-03 18:26:48,LenovoLegion,"Lenovo Legion x @PlayApex
Now is your chance to rise above the rest. 
Unmatched performance, purposeful engineering, modern design.
Gear up with a machine as savage as you are.
Stylish outside.
Savage inside.",1.301587465258578e+18
30,2020-09-30 02:20:30,sheffdeals,"💥AMAZON PRIME MEMBERS!💥

GET TWO Echo Dot (3rd Gen) for $39.98

Click Link Below👇
https://t.co/vahFlURcJr

Use Coupon at checkout - DOTPRIME2PK

#deals #Amazon #PresidentialDebate2020 #Debates2020 #debates #AmazonDeals #PrimeDay2020 #BlackTechTwitter #techtwitter #sheffdeals https://t.co/Et21q21ign",1.311128761161724e+18
31,2020-09-30 02:19:55,hidesan_tv,"#おすすめ #売れ筋 #ベストセラー #PS4 #Switch #子供 #プレゼント #おもちゃ #ゲーム #Amazon #楽天 #楽天ROOM🌈
電撃ゲーム書籍編集部 の あつまれ どうぶつの森 ザ・コンプリートガイド を Amazon でチェック！ https://t.co/egCgAWQIkx @amazonより",1.3111286113493852e+18
32,2020-09-30 02:19:45,sheffdeals,"Wyze Cam 1080p HD Indoor Wireless Home Camera for $25.98

Click Link Below👇
https://t.co/IFpW5Oyw1x

#deals #amazon #amazonprime #PresidentialDebate2020 #Debates2020 #debates #BlackTechTwitter #techtwitter #developers #Election2020 #tech #Apple #twitch #gamers #ps5 #sheffdeals https://t.co/jVAjyxa56F",1.3111285704760156e+18
33,2020-09-30 02:25:33,0tbUpfrO35Vtncf,"アマゾンタイムセール情報
SooPii の 【Switch/Switch Lite 対応】アナログスティックカバー 保護カバー (4個セット) 猫 肉球  親指グリップキャップ ジョイスティックカ
バー(イエロー/ブルー)https://t.co/uPthb4YU3K 
＃タイムセール
＃セール
＃Amazon
＃switch
＃スイッチ
＃カバー
＃肉球",1.3111300314023608e+18
34,2020-09-30 02:22:42,ChrissyGuenther,"Tiny Personalized Stacking Rings, Handmade Custom Rings with Your Word, Name,... https://t.co/TvT1aLRKw7 via @amazon 

#jewelry #Amazon #giftideas https://t.co/GGahxvsWU3",1.3111293125826765e+18
35,2020-09-30 02:21:04,ChrissyGuenther,"Personalized Birthstone Spinner Ring - Custom Statement Spinner Fidget Ring -... https://t.co/x5LPriBnjx via @amazon 

#jewelry #Amazon #giftideas #handmade",1.311128902862082e+18
36,2020-09-30 02:19:38,hidesan_tv,"#おすすめ #売れ筋 #ベストセラー #PS4 #Switch #子供 #プレゼント #おもちゃ #ゲーム #Amazon #楽天 #楽天ROOM🌈
ニンテンドードリーム編集部 の ゼルダの伝説 30周年記念書籍 第3集  THE LEGEND OF ZELDA BREATH OF THE WILD:MASTER WOを Amazon でチェック！ https://t.co/GglWKHOkki @amazonより",1.3111285398533243e+18
37,2020-09-30 02:28:21,XlgIy9yIQ3jX8Kk,"鼻毛カッター無料！

レビュー募集中
全額返金：PP
連絡：直接にＤＭ
お気に入る方へ
@XlgIy9yIQ3jX8Kk

この投稿をリツイート

をフォロー
 この投稿をRT
コメントすれば、当選率
#プレゼント 
#懸賞
#フォロー
#無料商品
#レビュー募集
#Amazon https://t.co/LnQuUzEwEg",1.3111307358230405e+18
38,2020-09-30 02:28:24,0tbUpfrO35Vtncf,"アマゾンタイムセール情報
Gifort の Gifort 目覚まし時計 置き時計 デジタルLED時計 時刻投影アラーム 壁/天井投影 120度回転調整可能 明るさ/音量調整可能 週末モード＆スヌーズ機能付き https://t.co/ixL6rmwzV2 
＃タイムセール
＃セール
＃Amazon
＃時計
＃目覚まし時計",1.3111307468079677e+18
39,2020-09-30 02:24:22,Emran412,"Rank website with Expired domain 👉https://t.co/rvuJ5UIrYM 💖
#ExpiredDomains #Expired #Domain #PBN #Amazon #NicheSite #SEO #digitalmarketing #Website #Niche #needexpireddomain #Need #seeking #for #lookingseoexpart",1.311129732549763e+18
40,2020-09-30 02:23:44,chollosyoferta,"#Chollo #Amazon 32% DESCUENTO Samsung Galaxy   Tablet Tab A (Android)

Precio oferta: 186,0
Reacondicionado: 125,29

    👇👇👇👇👇👇👇
👉 https://t.co/nzRlNgmmee https://t.co/FcpCN6XG4t",1.31112957274266e+18
41,2020-09-30 02:22:35,_mis_ter_e_,"Make #Superman LEGO portraits !

#dccomics #HenryCavill #christopherreeve #batman #benaffleck #dcfandome #JusticeLeague #JusticeLeagueSnyderCut #JusticeLeagueTheSnyderCut #amazon #kindlebooks #kindleunlimited #kindle
https://t.co/zTZgg0RgVe",1.311129283692245e+18
42,2020-09-30 02:27:24,quiet_grave,"購入！

ゆめゆめグラデーション https://t.co/5NVlorUNjR #Amazon",1.31113049387042e+18
43,2020-09-30 02:24:57,XperienceDope,"Blasting Joyner Lucas - Revenge right now on Pretty Dope Xperience Radio aka #BlackPandora

listen now and catch a wave!! https://t.co/VqKFopeoex  #nowplaying #np #RT  #NowStreaming #Streema Download Now #Alexa #GooglePlay #iOSAppStore #Amazon #",1.3111298786585108e+18
44,2020-09-30 02:27:37,xsa_official,"アマゾンのアカウントサービスの

メッセージセンター

ってページで、アマゾンが今まで送ってきたメールが見れるんですね。

知らなかった…＆便利

んで、今日のさっきのメールがない、ということは・・・

はぁ、今日もいい天気だ☀️
お昼🍱、何にしよう

#amazon",1.3111305519238717e+18
45,2020-09-30 02:22:19,sheffdeals,"💥DON'T MISS AMAZON PRIME DAY💥

SIGN UP FOR AMAZON PRIME FREE TRIAL TODAY!

Trial last for 30 days - Prime Day Oct 13-14th

Click Link Below👇
https://t.co/uVmStlUeMJ

#deals #PresidentialDebate2020 #Debates2020 #debates #technology #amazon #developers #techtwitter #sheffdeals https://t.co/vuC1NvQ47C",1.3111292161975788e+18
46,2020-09-30 02:26:57,tavmex,Really Proud 💜 #amazon #aws #SonrioConMexico #Mexico #edgelocation https://t.co/3GHNkl8RBZ,1.3111303829354824e+18
47,2020-09-30 02:27:10,0tbUpfrO35Vtncf,"アマゾンタイムセール情報
共同照明 シーリングライト 4灯 6畳 8畳 北欧 スポットライト 天井照明 GT-DJ-2DB-9WT-2 LED電球60W形付 調光 調色 リモコン対応 E26 折りたたみ式 ウッド  https://t.co/RQU4rrTSe5 
＃タイムセール
＃セール
＃Amazon
＃間接照明",1.311130437054419e+18
48,2020-09-30 02:19:54,kristyhenary,"#Amazon unveils #payment by hand-waving 
https://t.co/4zzP2lMyRB 
https://t.co/rmhJOzJmFq",1.3111286095709757e+18
49,2020-09-30 02:25:23,darkcomlee1,"""Amazonレビュー募集中！！
商品代金は全額補償
ご興味ある方はぜひともご参加いただきたいです！
#amazon #アマゾン #レビュー #レビュアー #無料 #サンプル #試供品 #お試し #モニター  #新商品 #アマゾンレビュー #Amazonレビュー #レビュー募集"" https://t.co/hhUqr4zhwm",1.311129986980479e+18
,date,screen_name,tweet,tweet_id
0,2020-09-30 02:14:03,SolTaylorRdL,"AHÍ TE QUEDAS

Una mujer que no cree en el #amor y un test ¿a prueba de errores? para no fallar.
Prepara las palomitas, porque lo que no le pase a Jess, no le pasa a nadie.

#amazon ➡️ https://t.co/rezND7EUOP

#kindle #KindleUnlimited #romance #comedia #humor #romantica #leer https://t.co/4WDoI9ZcP5",1.3111271356382372e+18
1,2020-09-30 02:16:20,noaxis2,#utopia the problem with binging the entire season is the wait for the next season! 😁 😔 😎 #prime #Amazon,1.3111277105806623e+18
2,2020-09-30 02:15:42,rakten_kaden_,"09/30 11:15

シービージャパン 小型洗濯機　（洗濯0．6kg）「
【楽天】7470円
【Amazon】8800円

★楽天で購入すると★
 1330円 お得（お得率18％）

↓お得な情報を一覧で確認出来るサイト
https://t.co/kMQYxgL6Rh

#楽天市場 #Amazon #お得 #せどり https://t.co/hzMqxBXclP",1.3111275500310979e+18
3,2020-09-30 02:16:19,0tbUpfrO35Vtncf,"アマゾンタイムセール
アイリスプラザ の アイリスプラザ ベビーカー おでかけバギー b型 アルミ 軽量 ハイシート (年中使える) 大型タイヤ 日よけカバー ブラック を Amazon でチェック！ https://t.co/7hq4R3vFym @amazonより 
＃タイムセール
＃セール
＃Amazon
＃ベビーカー
＃B型",1.3111277084163686e+18
4,2020-09-30 02:15:04,WorldOfWaylon,"#Vampires think they top the food chain, but they may be wrong... APEX PREDATOR! https://t.co/UShKTdVxsf ##Horror #IndieAuthor #Halloween #Amazon #Kindle #Vampire #Pulp #Supernatural #Zombies #Thriller #Books #Ghosts #HalloweenReads",1.3111273901695017e+18
5,2020-09-30 02:11:27,hidesan_tv,"#おすすめ #売れ筋 #ベストセラー #PS4 #Switch #子供 #プレゼント #おもちゃ #ゲーム #Amazon #楽天 #楽天ROOM🌈
YOBWIN の Switch コントローラー [2020最新] 無線 HD振動 小型6軸ジャイロセンサー搭載 スイッチコントローラーTURBOを Amazon でチェック！ https://t.co/D3kJMt63EA @amazonより",1.3111264814314906e+18
6,2020-09-30 02:18:35,Designcreateall,時代の精神を反映する、生き生きとした作品を生みだそうという決意をゆるめてはならない。疑問や動揺は、えてしてもっとも無難な道に従いがちな弱腰にたいする格好の解毒剤である。（エミール・ルーダー） #amazon #design #brand,1.3111282789802762e+18
7,2020-09-30 02:11:07,SunilKu56592387,"#AmazonSpinandWin 
#Amazon
@amazonIN https://t.co/i9SGlUuSiZ",1.311126398556283e+18
8,2020-09-30 02:18:13,AppDropped_UK,"Check out this #Amazon Bestseller - Integral IN4V8GNDLRI 8GB DDR4 RAM Laptop module kit 240 for £26.5
https://t.co/XF3UJ917H8 https://t.co/lXcdvDMPBQ",1.311128186139353e+18
9,2020-09-30 02:15:15,XperienceDope,"Blasting Mic Capes - Paid In Full  right now on Pretty Dope Xperience Radio aka #BlackPandora

listen now and catch a wave!! https://t.co/VqKFopeoex  #nowplaying #np #RT  #NowStreaming #Streema Download Now #Alexa #GooglePlay #iOSAppStore #Amazon #",1.3111274370073682e+18
10,2020-09-30 02:12:33,blogosum,"#Amazon for travellers: Master Lock 4688D TSA Accepted Luggage Lock 1 Pack Blue

 https://t.co/rvy3lFJIyW

 #amazondeals #deals #gadgets #travel #giftguide #gift #giftidea #baggage #luggage #flight #holiday #vacation #bag #lock #safety https://t.co/ZDlHV6td7n",1.3111267575552942e+18
11,2020-09-30 02:16:50,Saikai78,ピットロード 1/700 WPMシリーズ 日本海軍 戦艦 大和 最終時 塗装済み完成品 WPM01 https://t.co/rU0xQKQzft #Amazon,1.311127834870444e+18
12,2020-09-30 02:18:56,hidesan_tv,"#おすすめ #売れ筋 #ベストセラー #PS4 #Switch #子供 #プレゼント #おもちゃ #ゲーム #Amazon #楽天 #楽天ROOM🌈
- の 『ディズニー ツイステッドワンダーランド』公式ガイド+設定資料集 Magical Archives (ゲームガイド) を Amazon でチェック！ https://t.co/rBcSBxzC1T @amazonより",1.3111283671486136e+18
13,2020-09-30 02:15:04,0tbUpfrO35Vtncf,"アマゾンタイムセール情報
rmete の バーベキューコンロ 焚火台 折りたたみカマド スマートグリル コンパクト １台多役 1-2人用 2段調節 収納袋付き B6サイズ ステンレス鋼 アウトドア愛好者のプレゼントhttps://t.co/QGM4QSC0d8 
＃タイムセール
＃セール
＃BBQ
＃コンロ
＃Amazon",1.311127392623108e+18
14,2020-09-30 02:17:28,cathersung17,"埼玉誕生150周年☆
私が選ぶ150周年を彩る  #ロゴマーク はこれだ！
@saitama150th ではプレゼントCPを実施中！～10/12
抽選で20名に  #Amazon  #ギフト券 500円分を  #プレゼント ♪
 https://t.co/jKAkTDCVWL",1.3111279943295713e+18
15,2020-09-30 02:11:14,Flacko_ASAP,Need a ps5 I have one extra dm me !!! #PlayStation #Debate2020 #PS5 #amazon #PS5PreOrders #playstation5 #sony #XRP #XboxSeriesX https://t.co/OhRVMi0pEK,1.3111264255131935e+18
16,2020-09-30 02:13:24,sheffdeals,"💥DEAL ALERT 44% OFF!💥

LG Nano 8 55"" 4K Ultra HD Smart LED w/ Alexa for $499.99; retail $899.99

Click Link Below👇
https://t.co/XO6PVnY4kL

#deals #amazon #amazonprime #PresidentialDebate2020 #Debates2020 #debates #BlackTechTwitter #techtwitter #Election2020  #sheffdeals #tech https://t.co/npXk141n9l",1.3111269730796052e+18
17,2020-09-30 02:12:34,hidesan_tv,"#おすすめ #売れ筋 #ベストセラー #PS4 #Switch #子供 #プレゼント #おもちゃ #ゲーム #Amazon #楽天 #楽天ROOM🌈
KontrolFreek の KontrolFreek FPSフリーク Galaxy - Playstation 4 [並行輸入品] を Amazon でチェック！ https://t.co/AqxudacCp6 @amazonより",1.311126763322237e+18
18,2020-09-30 02:18:15,best_deals_US,"Major discount!
Nexcare Gentle Paper First Aid Tape With Dispenser, Tears Easily, 1 Roll

Offer price: $2.99 (42% OFF!)
Retail: $5.15

https://t.co/1g5W8qwYRM

#FOLLOW #Amazon #WednesdayWisdom https://t.co/AQdBymrd7z",1.3111281951359754e+18
19,2020-09-30 02:15:00,shadowconn,Last Lines of Literature Coffee Mug - The M... by The Unemployed Philosophers... for $15.95 https://t.co/mgOSRrC57m via #amazon,1.3111273738033848e+18
20,2020-09-30 02:13:18,QuickShopDeals,"***Great Deal***Low Price***
Aliyaduo 218Pcs Halloween Tattoo Stickers with Blood Stained Glass Window Stickers,Spooky Window Stickers for Halloween Party Decorations
Reg $10.99 to $8.99 
https://t.co/AzgAXoJA6L
#amazon #amazondeals #deals #sale #save #savings #shop #halloween https://t.co/2FK7LEWDYi",1.3111269482534953e+18
21,2020-09-30 02:17:19,sheffdeals,"💥Mac Book Air Charger Replacement for $23.99💥

Click Link Below👇
https://t.co/DrY6CNdjiG

#deals #amazon #amazonprime #PresidentialDebate2020 #Debates2020 #debates #BlackTechTwitter #techtwitter #developers #Election2020 #tech #Apple #twitch #gamers #ps5 #macbook #sheffdeals https://t.co/3HoDGbTI3c",1.311127960280281e+18
22,2020-09-30 02:11:01,hobbyfun_asia,Echo 第2世代 - スマートスピーカー with Alexa、チャコール #Amazon #オーディオ #スピーカー https://t.co/VI02jyoKbH,1.3111263734574858e+18
23,2020-09-30 02:14:37,byLilyV,"Get #IT #CERTIFIED 
One lesson, four #AWS certificates!
Enrol https://t.co/MTTCw6V3Vu
#cloudcomputing #amazon #cloud #certification https://t.co/iX52wpmpiy",1.3111272785884938e+18
24,2020-09-30 02:18:27,jenmarielambert,The trending product that I will be trying out in 72 hours is… #meditime #cosmeceutical #dermacosmetic #amazon  https://t.co/M7dMnQXTPP https://t.co/YQqtxjiC2z,1.3111282446499635e+18
25,2020-09-30 02:16:16,Buch_Bestseller,"Gefolgt von niemandem, dem du folgst: Twitter-Tagebuch. 2009… von Jan #Böhmermann https://t.co/0RDPxupJYo hat sich seit 1h um 6 Plätze auf Platz 30 der #Amazon #Bestseller verbessert.",1.311127693648425e+18
26,2020-09-30 02:18:09,PixelettetechUK,"Pay with the palm at Amazon stores: On Tuesday, the company has launched Amazon One feature through which the buyer can pay by scanning their palm above the sensor at Checkout free Amazon Go stores 
#ArtificialIntelligence #100DaysOfCode  #Amazon #technology https://t.co/mPl8j9oqwZ",1.3111281664974766e+18
27,2020-09-30 02:13:19,CharlesAWinters,"#Please #take a #look at my #author #page on #Amazon. https://t.co/1viYniaFvm #ThankYou #Have a #nice #day. #amwriting #scifi #fantasy #romance #love #TheNites #WOLFMAN #read #reading #book #books #bookboost #goodreads #ku 
I’m #SciGuy",1.3111269500862423e+18
28,2020-09-30 02:18:43,Chencha38198867,"美顔器 小顔 3D顔 Ⅴ顔 EMS 表情筋トレーニング 振動マッサージ 電動美顔器 水洗いでき USB充電式 小顔矯正マスク スキンケア＆美肌 リフトアップ ほうれい線消す 
元値:8799円
#レビュー募集 #アマゾンレビュー #副業 #懸賞 #Amazon #ギフト券 #ペイパル https://t.co/SpROJBUDgK",1.3111283103535923e+18
29,2020-09-30 02:16:19,RisingsunUltima,"コスプレ道具 B-2003 デビルメイクライ5 Devil May Cry 5 バージル 閻魔刀 刀剣武器 https://t.co/y5HyrW7YvL #Amazon
刀だったらこれ欲しい",1.311127706893865e+18
30,2020-09-30 02:15:46,sheffdeals,"💥DON'T MISS AMAZON PRIME DAY💥

SIGN UP FOR AMAZON PRIME FREE TRIAL TODAY!

Trial last for 30 days - Prime Day Oct 13-14th

Click Link Below👇
https://t.co/uVmStlUeMJ

#deals #PresidentialDebate2020 #Debates2020 #debates #technology #amazon #developers #techtwitter #sheffdeals https://t.co/ROB1EE2rVL",1.311127566527365e+18
31,2020-09-30 02:12:01,sheffdeals,"💥Mac Book Air Charger Replacement for $23.99💥

Click Link Below👇
https://t.co/DrY6CNdjiG

#deals #amazon #amazonprime #PresidentialDebate2020 #Debates2020 #debates #BlackTechTwitter #techtwitter #developers #Election2020 #tech #Apple #twitch #gamers #ps5 #macbook #sheffdeals https://t.co/4bTGZUPNiT",1.3111266225280655e+18
32,2020-09-30 02:11:41,sheffdeals,"All-New Toshiba 32-inch Smart HD FIRE TV 2020 for $179.99

Click Link Below👇
https://t.co/Gf6Ch5erkl

#deals #amazon #amazonprime #PresidentialDebate2020 #Debates2020 #debates #BlackTechTwitter #techtwitter #developers #Election2020 #tech #Apple #twitch #gamers #ps5 #sheffdeals https://t.co/kK1Hn3HMNv",1.3111265423707013e+18
33,2020-09-30 02:11:21,sheffdeals,"Wyze Cam 1080p HD Indoor Wireless Home Camera for $25.98

Click Link Below👇
https://t.co/IFpW5Oyw1x

#deals #amazon #amazonprime #PresidentialDebate2020 #Debates2020 #debates #BlackTechTwitter #techtwitter #developers #Election2020 #tech #Apple #twitch #gamers #ps5 #sheffdeals https://t.co/zJk3z9j2AL",1.3111264584888115e+18
34,2020-09-30 02:12:22,miumiuMH,"消費はモノからコトへ、そして【繋がり】へ #エクスマ と出会う事でたくさんのご縁に恵まれました。
たくさんの人に読んで欲しいです。

新版 安売りするな! 「価値」を売れ! 
https://t.co/uGset38jjy #Amazon",1.31112671119983e+18
35,2020-09-30 02:19:11,creativemm12,"👉https://t.co/VMShzukhSe #amazon👈
💯👉Auto Follower👈💯
💯👉#自動相互フォロー👈💯

#TeamFollowback
#Tottenham #vs #Chelsea
#Eric #Trump
#Eric #Fisher
#フォロバ100パーセント
#1000ADay
#followergenerator
#followermachine
#RT企画
#拡散希望RTお願いします
#bts
#seve",1.311128428561662e+18
36,2020-09-30 02:16:00,Haidji,Watch  this #bookquote #challenge on #tiktok - Click on  https://t.co/CbCIlItU1j  #quoteoftheday  #books #quotes #bookquotechallenge  #tiktokquotes #Haidji #booklover #bookstagram #dailyquote #amazon #quote #reading #tiktokbooks #read #BookBlast #bookboost  #Book,1.3111276257257472e+18
37,2020-09-30 02:19:02,BEST300BOT,マーラー／大地の歌　【第１位】⇒https://t.co/CLuDB0Hn9P #amazon #bot　【第５位】バーンスタイン指揮〈66〉⇒https://t.co/cEUbNClPkW,1.3111283912491418e+18
38,2020-09-30 02:14:15,cyclestyle_net,"【Amazonタイムセール】本日限定！腹筋ベルトや電動エアコンプレッサーなど小型家電がお買い得です✨

#Amazonタイムセール #Amazon 
#CYCLEBUY #アマゾン #タイムセール
#腹筋ベルト #ドラレコ #プロコン #家電 #小型家電

⇩コチラからチェック‼
https://t.co/g9UY3ObrHE",1.311127186967941e+18
39,2020-09-30 02:14:52,sheffdeals,"LG 50 inch UHD 4K HDR AI Smart TV 2020 for $409.99

Click Link Below👇
https://t.co/fesY4ixe1K

#deals #amazon #amazonprime #PresidentialDebate2020 #Debates2020 #debates #BlackTechTwitter #techtwitter #developers #Election2020 #tech #Apple #twitch #gamers #ps5 #sheffdeals https://t.co/oi3YZvAdgT",1.311127341125509e+18
40,2020-09-30 02:17:35,EduardoPavonM,#SonrioConMexico grande #amazon con lo que acaban de hacer sobre periférico. 🙌🏻,1.3111280252878725e+18
41,2020-09-30 02:11:00,0tbUpfrO35Vtncf,"アマゾンタイムセール情報
ホルツ 愛車のDIY応援セール https://t.co/9bzPbDDrB7 ＃タイムセール
＃セール
＃Amazon
＃ ホルツ
＃Holts
＃DIY",1.3111263691415757e+18
42,2020-09-30 02:17:07,Laddu1250,"https://t.co/mS4MccpRrm

#amazon",1.3111279092230185e+18
43,2020-09-30 02:12:00,doblellave,#Innovación | #Amazon presentó sistema para pagar con la palma de la mano https://t.co/rZnmIT3ZOB,1.311126619176665e+18
44,2020-09-30 02:12:48,avmonkey,Can't wait for the reboot of Scanners #Netflix #HBO &amp; #Amazon #Debates2020,1.3111268199579238e+18
45,2020-09-30 02:18:02,LWNovels,Shop the Baxter &amp; Holt Series at Leslie Wolfes #Amazon Store!  #rt  #author #marketing #Friday #read #online https://t.co/YNBvpKlgeV,1.311128139033129e+18
46,2020-09-30 02:16:49,creativemm12,"👉https://t.co/a2zpJcfpUN #amazon👈
💯👉Auto Follower👈💯
💯👉#自動相互フォロー👈💯

#followergenerator
#Astros
#Eric #Trump
#Eric #Fisher
#固定RT
#フォロバ100パーセント
#FollowNGain
#RT企画
#相互フォロー100
#TeamFollowback
#TeamFollowBack
#followermachine",1.3111278315359928e+18
47,2020-09-30 02:17:36,Pizzahutxbox,"Click the link for your chance to #WIN a $100 #Amazon #GiftCard!
https://t.co/evKohi0qVK https://t.co/qimhKgfS1F",1.3111280302286193e+18
48,2020-09-30 02:11:12,xsa_official,"リンクはクリックせず、アマゾンのTOPページからマイページへ。

支払い方法に有効なクレカが登録されていることを確認。
怪しい。。。
偽サイトと判断し、放置。

あ、自分、そもそもプライム会員じゃないんですけど、何か？

#amazon
#偽サイト
#気を付けて",1.311126417887785e+18
49,2020-09-30 02:12:26,sheffdeals,"💥All-new Fire HD 8 Plus tablet 32GB for $109.99

Click Link Below 👇
https://t.co/VepRuQFPNz

#deals #amazon #amazonprime #PresidentialDebate2020 #Debates2020 #debates #BlackTechTwitter #techtwitter #developers #f4f #Election2020 #technology #tech #Apple #sheffdeals https://t.co/omY5IqTQYv",1.3111267314499297e+18
,date,screen_name,tweet,tweet_id
0,2020-09-30 02:06:16,Chencha38198867,"体重計 体脂肪・体組成計 体重/体脂肪率/体水分率/推定骨量/基礎代謝量/BMI/筋肉量/内臓脂肪/タンパク質など測定 日本語アプリ スマホ連携 iOS/Android対応 ダイエット・健康管理 電池付属 
元値:2280円
#レビュー募集 #アマゾンレビュー #全額返金 #無料 #副業 #懸賞 #Amazon #ギフト券 #ペイパル https://t.co/VBM9YKQESP",1.3111251768897454e+18
1,2020-09-30 02:06:14,DigiSliceX,"🖐Today the online retail giant unveiled ""Amazon One"" a biometric device which uses shoppers unique palm signature to authenticate payment at Amazon Go locations #amazon #amazonone https://t.co/PYM23XWfN5",1.3111251684005437e+18
2,2020-09-30 02:05:47,kana_ogawa,"【傘】ベスト10
傘 雨傘 AISITIN 傘メンズ 耐風傘 2重PG布 長傘 紳士傘 UVカット 豪雨対応専用傘 傘 24本骨傘 重傘 全て超高強度グラスファイバー材質 折れにくい 大きな傘 超撥水 晴雨兼用 収納ケース付き
https://t.co/osLiiSFt6F #Amazon",1.3111250547389727e+18
3,2020-09-30 02:07:53,XperienceDope,"Blasting Lil Baby - Sum 2 Prove (Club) right now on Pretty Dope Xperience Radio aka #BlackPandora

listen now and catch a wave!! https://t.co/VqKFopeoex  #nowplaying #np #RT  #NowStreaming #Streema Download Now #Alexa #GooglePlay #iOSAppStore #Amazon #",1.3111255825923113e+18
4,2020-09-30 02:08:51,shvonachen,"#VoteHimOut #PresidentialDebate
Biden Harris 2020 | Vote 864511320 T-Shirt https://t.co/VzJ932FUER #Amazon",1.311125826000302e+18
5,2020-09-30 02:05:49,0tbUpfrO35Vtncf,"アマゾンタイムセール
山善(YAMAZEN) の [山善] こたつ テーブル 長方形 80×60cm 一人暮らし リバーシブル天板 中間入切スイッチ ブラック×ブラウン EYC-8060(BK/MBR) [メーカー保証1年] https://t.co/V8dfB0YGXv 
＃タイムセール
＃セール
＃Amazon
＃こたつ",1.311125062301311e+18
6,2020-09-30 02:09:02,terumina22,"／
Amazonに超絶お得クーポンが‼️
＼

1000円以上購入で、
プライムデーに使える1000円OFFクーポンがもらえる⁉️
1000円のものなら実質無料‼️

プライムデー万歳ヽ(；▽；)ノ
ってことでポチってきます👇

詳しい条件などはこちら
▶︎https://t.co/LSW1OrSJm6

#Amazon
#1000円OFFクーポン https://t.co/pfiofU6uwb",1.3111258726072566e+18
7,2020-09-30 02:05:15,kana_ogawa,"【傘】ベスト10
Echanew 傘 長傘 メンズ レディース ワンタッチ 頑丈 撥水 耐風 Teflon加工 210T高強度グラスファイバー 軽量 大型 135cm 梅雨対策 晴雨兼用 収納ポーチ付き (ブラック)
https://t.co/S8mLzWVjkN #Amazon",1.3111249229036175e+18
8,2020-09-30 02:06:18,ignaciaalborno5,"Last Chance! Would you like to win a $50 Amazon Gift Card or PayPal Deposit? Check out this easy entry Gleam giveaway for a chance to #WIN

Open Worldwide

@GooseGiveaways #wingiftcard #wincash #amazon #paypal #winmoney #sweepstakes #giveaways https://t.co/T08dVe2pAb",1.3111251843431383e+18
9,2020-09-30 02:05:13,juliecandelon,Amazon can you please deliver this to Chris Wallace super quickly? It’s an emergency... https://t.co/MGIu4ejnJg #Amazon #Debates2020,1.3111249142088212e+18
10,2020-09-30 02:05:41,kana_ogawa,"【傘】ベスト10
Muslish 傘 メンズ 長傘 16本骨 ワンタッチ グラスファイバー 頑丈 テフロン加工 超撥水 梅雨対策 紳士傘 収納ポーチ付き 1年保証 (ブラック)
https://t.co/jJyfenZNKJ #Amazon",1.3111250327734067e+18
11,2020-09-30 02:07:58,0tbUpfrO35Vtncf,"アマゾンタイムセール情報
champion（チャンピオン）服＆ファッション小物 の優れたセレクションからオンラインショッピング。 https://t.co/aIEamWJWtd 
＃タイムセール
＃セール
＃Amazon
＃チャンピオン
＃champion",1.3111256054636503e+18
12,2020-09-30 02:07:51,sheffdeals,"All-New Toshiba 32-inch Smart HD FIRE TV 2020 for $179.99

Click Link Below👇
https://t.co/Gf6Ch5erkl

#deals #amazon #amazonprime #PresidentialDebate2020 #Debates2020 #debates #BlackTechTwitter #techtwitter #developers #Election2020 #tech #Apple #twitch #gamers #ps5 #sheffdeals https://t.co/8MXjx3kJUq",1.3111255769719562e+18
13,2020-09-30 02:07:32,QuickShopDeals,"***Great Deal***Low Price***
balnore 10 Pack Huge Inflatable Spider Witch Hat Ring Toss Game for Kids Adults Halloween Party Favor Game Toys Outdoor Activities Game Spider.
Price$13.85+ 5% off coupon
https://t.co/7qsDbwMo7A
#amazon #amazondeals #deals #sale #save #savings #shop https://t.co/nNKNJUHIpN",1.3111254944783933e+18
14,2020-09-30 02:07:43,GPWriter,"just in time for the #debates
a #poetic howl...about my horror, heartbreak...during #TheTrumpYears is now my next #poetry collection available on available on #Amazon
https://t.co/rcTTHnR2lg
it is finally here in time 4 the most important #election of our lives
#poems #poem #vote",1.3111255426959688e+18
15,2020-09-30 02:07:31,Dr_shunga,"https://t.co/6WnZZdPmHv #Amazon

最近のサンドバッグはこんなに安いのかと思ってよく見てみたら「中身は自分で砂とか布とか詰めてね」という方式であった",1.3111254921461228e+18
16,2020-09-30 02:05:52,kana_ogawa,"【傘】ベスト10
Anntrue 傘 長傘 メンズ レディース ワンタッチ 丈夫 撥水 耐風 Teflon加工 210T高強度グラスファイバー 軽量 大型 130cm 梅雨対策 晴雨兼用 収納ポーチ付き 永久保証付き
https://t.co/laMe30kkkr #Amazon",1.311125076733956e+18
17,2020-09-30 02:10:49,creativemm12,"&lt;Current Weather&gt;
Los Angeles
Temperature: 83.64°F/ Status: clear
👉https://t.co/SZ25keL7pK #amazon👈
💯👉Auto Follower👈💯
💯👉#自動相互フォロー👈💯

#固定RT
#Tottenham #vs #Chelsea
#Eric #Trump
#Eric #Fisher
#FollowBack
#相互リツイート
#500ADay
#followerm",1.311126322798719e+18
18,2020-09-30 02:05:36,kana_ogawa,"【傘】ベスト10
ORIENEX(オリエンネックス) 長傘 レディース傘 高強度24本骨 紳士傘 雨に濡れると花が浮き出る 全14色 (さんご色)
https://t.co/iDBFo9h5Jy #Amazon",1.311125010560426e+18
19,2020-09-30 02:10:40,kogaan_official,"이것은 아주 맛있는

https://t.co/GsfOF40eaw… #Amazon https://t.co/jXHby24SVA",1.3111262854694502e+18
20,2020-09-30 02:09:33,xsa_official,"(続き)

お調べしたところ、会費のお支払いに使用できる有効なクレジットカードがアカウントに登録されていません。クレジットカード情報の更新、新しいクレジットカードの追加については以下の手順をご確認ください。

#amazon
#偽サイト",1.3111260018547712e+18
21,2020-09-30 02:10:41,rakten_kaden_,"09/30 11:10

空気清浄機 シャープ SHARP 加湿器 プラズマ
【楽天】18980円
【Amazon】19029円

★楽天で購入すると★
 49円 お得（お得率0％）

↓お得な情報を一覧で確認出来るサイト
https://t.co/kMQYxgL6Rh

#楽天市場 #Amazon #お得 #せどり https://t.co/mQ7BYAArFV",1.311126289906987e+18
22,2020-09-30 02:10:56,DeannaCresta,The trending product that I will be trying out in 72 hours is… #meditime #cosmeceutical #dermacosmetic #amazon  https://t.co/R62JZ20ofH https://t.co/RsazMQ0KAM,1.3111263511019889e+18
23,2020-09-30 02:05:10,kana_ogawa,"【傘】ベスト10
【2020年強化版 12本骨】 折りたたみ傘 自動開閉 軽量 折り畳み傘 メンズ 大きい 晴雨兼用 台風対応 梅雨対策 大きい 超撥水 おりたたみ傘 210T高強度グラスファイバー 収納ポーチ付き (ブラック)
https://t.co/RVCVg5py5C #Amazon",1.3111249007283282e+18
24,2020-09-30 02:06:59,_rika_ap,"先輩とか上司から実践で教わってることを体系的に理解できた🌿
頭で理解すると応用しやすくなるよね。

大型商談を成約に導く「SPIN」営業術 https://t.co/fKNKbIpz7V… #Amazon",1.3111253560158372e+18
25,2020-09-30 02:05:57,kana_ogawa,"【傘】ベスト10
SHIO MOKU 傘 長傘 メンズ レディース 大型 130cm 耐強風 グラスファイバー ワンタッチ 大きい 撥水 軽量 丈夫 梅雨対策 通学 通勤 結婚式 葬式など 収納ポーチ付き 1年保証 (ブラック)
https://t.co/DyRckuPeet #Amazon",1.3111250986700923e+18
26,2020-09-03 18:26:48,LenovoLegion,"Lenovo Legion x @PlayApex
Now is your chance to rise above the rest. 
Unmatched performance, purposeful engineering, modern design.
Gear up with a machine as savage as you are.
Stylish outside.
Savage inside.",1.301587465258578e+18
27,2020-09-30 02:08:49,sheffdeals,"💥DON'T MISS AMAZON PRIME DAY💥

SIGN UP FOR AMAZON PRIME FREE TRIAL TODAY!

Trial last for 30 days - Prime Day Oct 13-14th

Click Link Below👇
https://t.co/uVmStlUeMJ

#deals #PresidentialDebate2020 #Debates2020 #debates #technology #amazon #developers #techtwitter #sheffdeals https://t.co/mCpfuY4N3g",1.311125817871696e+18
28,2020-09-30 02:08:24,xsa_official,"アマゾンっぽいところからのメール。

件名：お客様の支払い方法
本文：Amazonプライムをご利用頂きありがとうございます。お客様のAmazonプライム会員資格は、2020/09/30に更新を迎えます。

つづく

#amazon
#偽サイト",1.3111257122967962e+18
29,2020-09-30 02:10:49,Chencha38198867,"電動爪ヤスリ 犬用 猫用 爪磨き USB充電 二段階スピード 静音設計 安全 安心 猫/小型犬/中型犬/大型犬 通用
元値:1880円
#レビュー募集 #アマゾンレビュー #全額返金 #無料 #副業 #懸賞 #Amazon #ギフト券 #ペイパル https://t.co/qHyOatkWSe",1.3111263227148288e+18
30,2020-09-30 02:09:56,bambi829,"「あなたに抱かれたいだけなのに」の分冊版は、現在、5話まで配信発売中です〜！✨
あなたに抱かれたいだけなのに（分冊版） 【第1話】 (comicタント) https://t.co/rckyCdcVkj #Amazon",1.3111260983447798e+18
31,2020-09-30 02:07:14,kimura_books,"バーバラ ミント, グロービ古典ですが傑作です。 '考える技術・書く技術―問題解決力を伸ばすピラミッド原則' https://t.co/kEB3BL53rR #books #amazon",1.3111254204487025e+18
32,2020-09-30 02:05:41,rakten_kaden_,"09/30 11:05

TDK 婦人用電子体温計 HT-301/TP
【楽天】2970円
【Amazon】3449円

★楽天で購入すると★
 479円 お得（お得率16％）

↓お得な情報を一覧で確認出来るサイト
https://t.co/kMQYxgL6Rh

#楽天市場 #Amazon #お得 #せどり https://t.co/Q0DUWkvRqF",1.3111250300178022e+18
33,2020-09-30 02:07:15,adband_jp,"書籍『新規顧客が勝手にあつまる販促の設計図』が、
TSUTAYA BOOKSTOREの各店舗でも大型展開中です！
https://t.co/xafNrOkj1x
https://t.co/rYcT9so0zX
#販促 #B2B #BTOB #設計図 #書籍 #翔泳社 #amazon #中小企業 #tsutaya #tsutayabookstore",1.3111254248695357e+18
34,2020-09-30 02:08:30,sougo_review,"ステルスマーケティングは食べログやペニオクで問題になった

#Amazon #レビュー #アマゾン #副業 #アマゾンレビュー #amazonレビュー #レビュー募集 #レビューアー #レビュー募集",1.3111257404908626e+18
35,2020-09-30 02:06:04,Miyabi_SixCat,"こんなんあるな。これが最適解かもしれない。

【PS4 PS3 PC対応】タクティカルアサルトコマンダー G2 for PS4 PS3 PC https://t.co/lObGunEQTE #Amazon",1.311125127451431e+18
36,2020-09-30 02:08:49,Chencha38198867,"フラフープ 大人用 組み立て式 サイズ調整可 ダイエット 体操用品 ウエスト くびれ 引き締め 有酸素運動 サイズ調整可 直径約96cm 8本組 子供用
元値:1880円
#レビュー募集 #アマゾンレビュー #全額返金 #無料 #副業 #懸賞 #Amazon #ギフト券 #ペイパル https://t.co/iiHF5zlU5W",1.3111258173263299e+18
37,2020-09-30 02:07:00,Trisha_McNary,"#Read ALIEN PETS and more #SFF #ebooks #FREE: 
#book #bookpromo #sciencefiction #syfy #supernaturalromance #ebook #readers #amazonUK #amazon #ebookdeals #kindleunlimited #KU #KDP #kindle #novel #iartg #kindlebooks #SupportIA #goodreads #supernatural

GO🡺https://t.co/SR20ABPg71 https://t.co/4H7Qlq9SCy",1.3111253611036467e+18
38,2020-09-30 02:10:55,sheffdeals,"💥AMAZON PRIME MEMBERS!💥

GET TWO Echo Dot (3rd Gen) for $39.98

Click Link Below👇
https://t.co/vahFlURcJr

Use Coupon at checkout - DOTPRIME2PK

#deals #Amazon #PresidentialDebate2020 #Debates2020 #debates #AmazonDeals #PrimeDay2020 #BlackTechTwitter #techtwitter #sheffdeals https://t.co/UwLjBmIc2L",1.3111263480611267e+18
39,2020-09-30 02:07:03,INDIEBOOKSOURCE,"BOOKS BY
https://t.co/PR8UJ1cIpJ
AUTHOR SUE LILLEY
#Books #IARTG #Kindle #Amazon #ReadIndie #indieauthors #ian1 #AuthorUpRoar  #Authors @suelilleyauthor #mybookagents https://t.co/bki8svLHXw",1.3111253745086382e+18
40,2020-09-30 02:09:32,LatifaMorrisett,"Click the link for your chance to #WIN a $100 #Amazon #GiftCard!
https://t.co/NXIMGV611k https://t.co/sIpJ9LH8sZ?",1.3111260012174008e+18
41,2020-09-30 02:10:28,changejulie,"ダブルワンゴリゴリに安くなってる

ヴァリアブルアクション Hi-SPEC 新世紀GPXサイバーフォーミュラ11 スーパーアスラーダ AKF-11 約270mm ABS... https://t.co/vSw4XebjUa #Amazon",1.3111262350874296e+18
42,2020-09-30 02:06:57,MsCriswell,"Instead of wasting your brain cells on this #PresidentialDebate #Debate2020, Please head to #amazon and grab my book! Also, #VOTE #ownyourvoice 
https://t.co/7SdpeBW4u7",1.3111253481139405e+18
43,2020-09-30 02:06:59,WikiwaxOfficial,"#Amazon Echo Dot Show has a #new #Follow you #feature.
https://t.co/d1KaR9Npy5",1.3111253563597742e+18
44,2020-09-30 02:07:30,sheffdeals,"💥Mac Book Air Charger Replacement for $23.99💥

Click Link Below👇
https://t.co/DrY6CNdjiG

#deals #amazon #amazonprime #PresidentialDebate2020 #Debates2020 #debates #BlackTechTwitter #techtwitter #developers #Election2020 #tech #Apple #twitch #gamers #ps5 #macbook #sheffdeals https://t.co/8r8seb3mtB",1.311125489361322e+18
45,2020-09-30 02:05:31,kana_ogawa,"【傘】ベスト10
YOKITOMO 長傘 逆さ傘 丈夫 撥水 内外２枚の布の構成で耐風 熱中症対策 完全遮光 遮熱効果 閉じると自立可能晴雨兼用傘 (森の絵)人気ギフト
https://t.co/YHFuoYhbha #Amazon",1.3111249887122964e+18
46,2020-09-30 02:05:26,kana_ogawa,"【傘】ベスト10
CarBoys 逆転傘 逆さ傘 逆折り式傘 自立傘 長傘 手離れC型手元 耐風 撥水加工 晴雨兼用 ビジネス用 車用 UVカット 遮光遮熱 傘袋/ケース付き（星の空）
https://t.co/vO4XxY9Ngr #Amazon",1.3111249667130941e+18
47,2020-09-30 02:05:21,kana_ogawa,"【傘】ベスト10
Muslish 傘 メンズ 16本骨 紳士傘 ジャンプ傘 大きい ワンタッチ 丈夫 テフロン加工 超撥水 梅雨対策 収納ポーチ付き1年保(ブルー)
https://t.co/WiZ8JZS6EY #Amazon",1.3111249448314102e+18
48,2020-09-30 02:05:38,sheffdeals,"Wyze Cam 1080p HD Indoor Wireless Home Camera for $25.98

Click Link Below👇
https://t.co/IFpW5Oyw1x

#deals #amazon #amazonprime #PresidentialDebate2020 #Debates2020 #debates #BlackTechTwitter #techtwitter #developers #Election2020 #tech #Apple #twitch #gamers #ps5 #sheffdeals https://t.co/0Ye6pYDA8e",1.311125016868782e+18
49,2020-09-30 02:08:22,sheffdeals,"💥DEAL ALERT 44% OFF!💥

LG Nano 8 55"" 4K Ultra HD Smart LED w/ Alexa for $499.99; retail $899.99

Click Link Below👇
https://t.co/XO6PVnY4kL

#deals #amazon #amazonprime #PresidentialDebate2020 #Debates2020 #debates #BlackTechTwitter #techtwitter #Election2020  #sheffdeals #tech https://t.co/vglkys8iOS",1.3111257075909796e+18
,date,screen_name,tweet,tweet_id
0,2020-09-30 02:02:00,BwcDeals,"Amazon's Big Fall Sale is here!!! 

https://t.co/ilO2jIh5Cm

#BwcDeals #Amazon #stealsanddeals #Deals #dailydeals #RespectForTeachers #DealsAndSteals https://t.co/X6WihiuKKU",1.3111241047249715e+18
1,2020-09-30 02:00:27,careerbookmark,"ユニチャーム超快適マスク
入荷してます✨✨

日本製で１番安心出来るマスク💫

#ユニチャームマスク  #マスク #Amazon #マスク情報

🔻Amazonユニチャーム30枚🔻
https://t.co/HkrekdkpZ8",1.3111237144784527e+18
2,2020-09-30 02:03:42,AuthorJDumas,"I’m happy! My new jacket came in the mail.

Now I just need it to get a little cooler so I can wear it...

#Kindle #Writingcommunity #writerslife #Amazon https://t.co/0jmRyoG7Mr",1.3111245305979576e+18
3,2020-09-30 02:04:37,hilton_philip,"@Barbuto_techno Hi there #RaveOn 
#WritingCommunity I am a #writer I wrote the 1st chapter in a new #Rave #book
#TheRaverStoriesProject buy on #amazon I wrote my #history within the rave scene from #acidhouse to #uk rave #dance craze 
Tune into @FARLEYJMF on #youtube 
What #techno stuff u doing? https://t.co/wQrLOQn6qI",1.3111247642709647e+18
4,2020-09-30 02:04:22,unahone,"これがフィッシング詐欺だとは
なかなか気づけない。

＃アマゾン　＃amazon 　#フィッシング詐欺 https://t.co/LbqEFersdp",1.311124700332843e+18
5,2020-09-30 02:02:35,WikiwaxOfficial,"Will #Amazon #Luna bring #new #features to the Online #CloudGaming #platform.
https://t.co/qVBm3DejR6",1.3111242512906936e+18
6,2020-09-30 02:04:26,XperienceDope,"Blasting Free Nationals, Mac Miller, Kali Uchis - Time (Club) right now on Pretty Dope Xperience Radio aka #BlackPandora

listen now and catch a wave!! https://t.co/VqKFopeoex  #nowplaying #np #RT  #NowStreaming #Streema Download Now #Alexa #GooglePlay #iOSAppStore #Amazon #",1.311124717173117e+18
7,2020-09-30 02:00:46,ItShouldBeYour,"Jeco 3 Piece Wicker End Table Set with with Orange Chair Cushion, Honey https://t.co/xNx66SXomR #gifts #giftideas #shopping #household #holiday #blackfriday #thanksgiving #cybermonday @amazon #amazon https://t.co/LxmMnk6png",1.3111237926687867e+18
8,2020-09-30 02:02:54,caiquemedeiroz,"Não vejo a hora que o capitão América , se de mal!!! #Theboys #Amazon pqp* essa série tá demais!",1.3111243310413005e+18
9,2020-09-30 02:02:14,0tbUpfrO35Vtncf,"アマゾンタイムセール情報
【9/30まで】adidasのシューズ・アパレル商品がお買い得 https://t.co/fjVVVPa46S 
＃タイムセール
＃セール
＃Amazon
＃アディダズ
＃adidas",1.3111241633696563e+18
10,2020-09-30 02:04:13,QuickShopDeals,"***Great Deal***Low Price***
5 PC Halloween Reusable Vintage Unisex Adult Face Bandanas Washable Breathable Cotton
Price$1.79*Free ship*
https://t.co/Gb6LjWaKwm
#amazon #amazondeals #deals #sale #save #savings #shop https://t.co/q2LHHkdVmv",1.3111246622361313e+18
11,2020-09-30 02:04:33,Uber1800,"相互フォロー専用アカウントでフォロワー増やしませんか？
#フォロバ
#相互フォロー100
#拡散
楽天カード発行で5000ポイント
https://t.co/veCNSZUMmK #Amazon",1.3111247471664456e+18
12,2020-09-30 02:00:26,shinchaku,【発売日：2020/09/04】ヘテロゲニア　リンギスティコ　～異種族言語学入門～　（３） (角川コミックス・エース)  https://t.co/hdtNbaVTAz #amazon,1.3111237085898138e+18
13,2020-09-30 02:00:42,yuki_nagase,"【生活雑貨】ベスト10
エコバッグ 折りたたみ 人気 カーキ ネイビー ブラックおしゃれ コンパクト 手提げ袋 エコバッグ 本革 革 ナイロン レザー ポケッタブルバッグ ショッピングバッグ 防水 大容量
https://t.co/Mq8m7atUiz #Amazon",1.311123778487812e+18
14,2020-09-30 02:02:54,sheffdeals,"All-New Toshiba 32-inch Smart HD FIRE TV 2020 for $179.99

Click Link Below👇
https://t.co/Gf6Ch5erkl

#deals #amazon #amazonprime #PresidentialDebate2020 #Debates2020 #debates #BlackTechTwitter #techtwitter #developers #Election2020 #tech #Apple #twitch #gamers #ps5 #sheffdeals https://t.co/5S9mDnTlcM",1.3111243315572e+18
15,2020-09-30 02:02:16,amzn_deals_us,https://t.co/x8MvJlmhAa Ecowaare Reusable Produce Mesh Bags #Amazon #Deal #Fruits #Vegetable #3Small6Medium6Large #White #YIHONG #USYH010053 https://t.co/6Kz2r3sfZJ,1.3111241699841802e+18
16,2020-09-30 02:00:48,BradPorcellato,"Need parts / lubricants for your #Ford, #Freightliner, #WesternStar, #Sterling, #Navistar, #Isuzu, #GMC, #Kenworth, #Peterbilt, #Mack, #Volvo or #Hino. Think #Amazon for all of your Heavy #Truck Parts needs! https://t.co/oVEZ1PaZ5z https://t.co/n79AcNc9lz",1.311123800742916e+18
17,2020-09-30 02:03:09,amzn_deals_us,https://t.co/aSsuJobtyj Brain Octane Oils #Amazon #Deal #16FlOz #ProvidesMentalandPhysicalEnergy #KetoandPaleoFriendly #MadeinUSA #Bulletproof #0815709020736 https://t.co/gZrbVcuDM9,1.3111243923200778e+18
18,2020-09-30 02:01:22,Jurnalqu,"Jasa Cari &amp; Download Ebook Segala Judul dan Bidang. Terutama Ebook yang berbayar dari Amazon, Google Books, dan publisher lainnya. Murah dan Bergaransi.
-&gt; https://t.co/Jfc08vOhhp

#Ebook #Amazon #GoogleBooks #SagePublishing #ReseachGate #Wiley",1.3111239451360502e+18
19,2020-09-30 02:02:35,amazing_offerss,"Deals of the Day.
Flat 55% Off: Scullers, Jealous &amp; Rig
#Amazon #Deals #clothing #women #men #bestOffers 
https://t.co/eGZbluD6Vo",1.3111242493151396e+18
20,2020-09-30 02:04:07,SolTaylorRdL,"🔥 SUSPIRÁNDOTE 🔥

La suerte está echada y cada uno jugará sus cartas en esta partida sin igual. ¿Quién ganará?

Enlace: https://t.co/Yc9wpXY14q

#kindle #Amazon #KindleUnlimited #romance #romantica #amazon #erotica #eBooks #leer #amor https://t.co/kVooHsKpEF",1.3111246376449802e+18
21,2020-09-30 02:03:25,cycle_okb,Amazon 出品中。MoPAD - Monitor Isolation Pads Amazon最安値更新中!! 限定1点 https://t.co/Vn5pAPbXV2 #DTM #music #amazon,1.3111244622977024e+18
22,2020-09-30 02:00:27,shinchaku,【発売日：2020/08/31】ALL ABOUT namco (ナムコゲームのすべて)  https://t.co/RRLovQYMpi #amazon,1.3111237135391375e+18
23,2020-09-30 02:02:32,mybtrmommy,*BEST PRICE* LEGO Friends Advent Calendar ONLY $19.97 (Retail $29.99) https://t.co/myu8VEo1IX #amazon,1.31112423977318e+18
24,2020-09-30 02:03:54,Sunil41913564,"#AmazonSpinandWin 
#Amazon 
@amazonIN https://t.co/Eo9F4fX6eA",1.311124581889925e+18
25,2020-09-30 02:00:30,shinchaku,【発売日：2020/08/20】ゴーマニズム宣言SPECIAL コロナ論 (ＳＰＡ！コミックス)  https://t.co/X36gN52A54 #amazon,1.3111237256899912e+18
26,2020-09-30 02:04:08,0tbUpfrO35Vtncf,"アマゾンタイムセール情報
MOOSOO の モーソー 食器洗い乾燥機 工事不要 タンク式食洗機 除菌率99.9％ 6つの洗浄コース 液晶表示 ドライキープ搭載 分岐水栓対応 MX10 ホワイト をhttps://t.co/MisVWmixDu
＃タイムセール
＃セール
＃Amazon
＃食洗器",1.311124641394516e+18
27,2020-09-30 02:00:48,yuki_nagase,"【生活雑貨】ベスト10
フック 湯おけ ホルダー 洗い桶掛け 強力 吸盤 粘着フック 壁傷つけない 痕跡が残らず お風呂 キッチン ホワイト 生活雑貨 調理器具 4個セット
https://t.co/3QGxu9IhxU #Amazon",1.311123800419754e+18
28,2020-09-30 02:00:26,shinchaku,【発売日：2020/09/15】わたしの幸せな結婚 四 (富士見L文庫)  https://t.co/HGXA60KVyf #amazon,1.311123709810348e+18
29,2020-09-30 02:00:32,yuki_nagase,"【生活雑貨】ベスト10
THANKO シワを伸ばす乾燥機「アイロンいら～ず2」 TKNICLOS
https://t.co/onkJErjLdq #Amazon",1.3111237346740756e+18
30,2020-09-30 02:05:02,HKrammRealtor,"RT @DailyHiveVan: It's official: #Amazon will employ 6,000 people in #Vancouver's The Post redevelopment https://t.co/LgmrEhTnUI https://t.co/KKaHCUioyk",1.3111248663812915e+18
31,2020-09-30 02:01:01,0tbUpfrO35Vtncf,"アマゾンタイムセール情報
Amazon の Fire HD 8 タブレット ブラック 32GB 【純正カバー (チャコールブラック) 付き】
 https://t.co/JoNphUGDPJ 
＃アマゾンタイムセール
＃タイムセール
＃セール
＃Amazon
＃タブレット",1.31112385425784e+18
32,2020-09-30 02:00:30,shinchaku,【発売日：2020/09/12】転生してから40年。そろそろ、おじさんも恋がしたい。【コミック版】　1　二度目の人生はハーレムルート！？ (アース・スターコミックス)  https://t.co/z8OfGsddCN #amazon,1.3111237244401623e+18
33,2020-09-30 02:03:08,Gilgames_2019,感性思考  デザインスクールで学ぶ MBAより論理思考より大切なスキル https://t.co/CEXWJ9hMP0 #Amazon,1.3111243874503762e+18
34,2020-09-30 02:03:03,Chencha38198867,"CDプレーヤー ポータブルCDラジオ コンパクト hdmi/USB/CD/FM/AUX/Bluetooth対応 LEDディスプレ 1台多役 ステレオ リモコン付き 防塵 音楽再生/語学学習/胎児教育 
元値:4280円
#レビュー募集 #レビューアー #レビュー #アマゾンレビュー #全額返金 #無料 #副業 #懸賞 #Amazon #ギフト券 #ペイパル https://t.co/hAmZ0CnpT7",1.3111243673470362e+18
35,2020-09-30 02:04:19,creativemm12,"#ADOME Women's Sexy Floral Lace Mesh Babydoll Lingerie Sheer Nighty Chemise White #ADOME for $15.99 
https://t.co/AREgqeWDyc
#FollowNGain
#promotion
#amazon
#White #Sox
#Why #were #cornflakes #invented
#利物浦",1.3111246882994586e+18
36,2020-09-30 02:03:05,johnhartness,"He's one of the Wild West's most famous outlaws. Or maybe he's one of the greatest heroes in American history. Or maybe he's a legend all his won. Whatever he is, you've never seen Billy the Kid like this before! https://t.co/JAsCdRTKbD #western #kindle #amazon https://t.co/Ge3oQayN4D",1.311124374683091e+18
37,2020-09-30 02:00:37,yuki_nagase,"【生活雑貨】ベスト10
ポップンディスペンサー(フードディスペンサー) ホワイト・112540
https://t.co/JeTlAJ5nXj #Amazon",1.3111237565724877e+18
38,2020-09-30 02:00:26,shinchaku,【発売日：2020/09/19】愛しの国玉 1【電子限定特典付き】 (シルフコミックス)  https://t.co/RHvW1yJkOt #amazon,1.3111237111274168e+18
39,2020-09-30 02:05:03,LWNovels,Don't miss the action and thrills you can find at the Amazon Store of Leslie Wolfe  #Retweet #Follow #Amazon https://t.co/Gl56BFsJNJ,1.3111248727273308e+18
40,2020-09-30 02:00:55,GenzelDotCa,Enter to #Win a $100 #Amazon Card. https://t.co/oqNDJfyPBh #contest #freebie #GenzelFamily https://t.co/GLm08imfNH,1.311123832820953e+18
41,2020-09-30 02:00:40,rakten_kaden_,"09/30 11:00

東レ トレビーノ ポット型浄水器 交換用カートリッ
【楽天】5140円
【Amazon】15715円

★楽天で購入すると★
 10575円 お得（お得率206％）

↓お得な情報を一覧で確認出来るサイト
https://t.co/kMQYxgL6Rh

#楽天市場 #Amazon #お得 #せどり https://t.co/qjMrcxpZYI",1.3111237702795592e+18
42,2020-09-30 02:00:29,shinchaku,【発売日：2020/09/11】信長協奏曲（２０） (ゲッサン少年サンデーコミックス)  https://t.co/Rn4ZB1Bitu #amazon,1.3111237232657408e+18
43,2020-09-30 02:01:57,yazzy0114,"グレートメカニックG 2020AUTUMN (双葉社MOOK) https://t.co/sHMqd7YFF7 #Amazon

表紙のオーラバトラーがめちゃめちゃかっこいい！",1.3111240905565757e+18
44,2020-09-30 02:00:27,yuki_nagase,"【生活雑貨】ベスト10
Muslish 踏み台 折りたたみ椅子 脚立 スツール ステップ台 高さ27cm 収納ラクラク 軽量 耐荷重150kg 子供 アウトドア (27cm-ホワイト)
https://t.co/jPt8djlSnG #Amazon",1.3111237126624133e+18
45,2020-09-30 02:00:32,LWRestorationS2,"Handyman Services SRC:familyhandyman When is #Amazon Prime Day This Year?: Prime Day 2020 was originally supposed to be in July, but the date has shifted— #Amazon has officially announced the new Prime Day dates of… https://t.co/9V8XiX6Z3Z https://t.co/Nu8BlHdC6k Book Us Online! https://t.co/7OkWwlG6ff",1.3111237367251272e+18
46,2020-09-30 02:00:30,shinchaku,【発売日：2020/09/04】雪女と蟹を食う（６） (ヤングマガジンコミックス)  https://t.co/fhXhnv8HLQ #amazon,1.3111237279758418e+18
47,2020-09-30 02:03:00,Androidheadline,"Spend $10 At Whole Foods, Get $10 To Spend On Prime Day https://t.co/z01U9QmAIl  #amazon #sales",1.3111243552844268e+18
48,2020-09-30 02:03:04,AuthorOSanchez,"Enjoy a quiet evening on the town? Not likely!
Get The Date TODAY!
https://t.co/1NwhC3gut8
#99cents #amazon #kindle https://t.co/ao94TcKCQH",1.311124370794963e+18
49,2020-09-30 02:00:30,shinchaku,【発売日：2020/09/18】コミック百合姫 2020年11月号[雑誌]  https://t.co/qA69BzS8hh #amazon,1.3111237268476682e+18
,date,screen_name,tweet,tweet_id
0,2020-09-30 01:59:29,XperienceDope,"Blasting Rapsody ft. Leikei47 - Oprah right now on Pretty Dope Xperience Radio aka #BlackPandora

listen now and catch a wave!! https://t.co/VqKFopeoex  #nowplaying #np #RT  #NowStreaming #Streema Download Now #Alexa #GooglePlay #iOSAppStore #Amazon #",1.3111234710203064e+18
1,2020-09-30 02:00:22,yuki_nagase,"【生活雑貨】ベスト10
生活雑貨 カウチソファ ソファ コンパクト グレー 一人暮らし ワンルーム ソファベッド 脚付 【大型】
https://t.co/AlUeDMxBhR #Amazon",1.3111236907345347e+18
2,2020-09-30 02:00:24,hustlenomics916,https://t.co/zk5m7EXnt7 #soap #Amazon #sanitizer https://t.co/qfu8yByIsn,1.3111237030366126e+18
3,2020-09-30 02:00:16,dealnarwhal,Forum Novelties Toddler's Spider Wiggle Eyes Costume $4.07 https://t.co/Ys9PceA0rM at #Amazon https://t.co/uedspf9fQH,1.3111236685467894e+18
4,2020-09-30 01:55:45,bwmugi,"ポケモソの開発秘話本のなかではやはりこれがいちばんよ。

ポケモン・ストーリー〈上〉 (角川文庫) https://t.co/0qf2S6UlhN #Amazon",1.3111225297134182e+18
5,2020-09-30 01:56:39,TERUNZO,"【NEW】Amazon Echo Auto ファミリー編 —  Amazon Japan  Official
https://t.co/VWWno8q8Rl

今日発売でしたな＿🚗 ＿

#AmazonechoAuto #EchoAuto #Amazonエコー #Amazon",1.3111227564742902e+18
6,2020-09-30 02:00:01,AprilJBuchanan,"Get your copy of Hard Love today
#Amazon #BarnesAndNoble #CheckYourLocalBookstore #ChristianBooks #HardLove https://t.co/PBC6P0I6Z4",1.3111236066262794e+18
7,2020-09-30 01:55:10,MummyFever,To find out what products we recommend visit our #Amazon storefront https://t.co/FTTCuuZb9A parentingtips Tips https://t.co/y7ey6BDSEG,1.3111223841795604e+18
8,2020-09-30 02:00:20,JQWritesRomance,"She’s a spy with a personal agenda. He’s a criminal with an obsession. 

Duplicity is available on Amazon for preorder! 

Get your discounted copy before May 28th!  

https://t.co/sn4ezES7OF

#jasminquinn #romancebooks #darkromance #amazon https://t.co/WMZqM4p4O9",1.3111236831218483e+18
9,2020-09-30 01:54:26,DebraUllrick,"After so many books about princesses and glamorous women this is a refreshing change. Camara is fun and feisty. She works in a male dominated industry and excels.
https://t.co/mbN9ByLPgq #Amazon
https://t.co/DiCYn0q1sH #NOOK
https://t.co/RVlvlmSG61 #iBooks
#freeromance #freebies https://t.co/KFev03Kpsa",1.311122199735079e+18
10,2020-09-30 02:00:01,yuki_nagase,"【生活雑貨】ベスト10
生活雑貨 ソファーベッド ソファー 脚を伸ばしてゆったり寝れる 3つ折りコンパクト ２P ブラウン
https://t.co/14OnFxnnIQ #Amazon",1.311123602754814e+18
11,2020-09-30 02:00:06,yuki_nagase,"【生活雑貨】ベスト10
BaySedy 折りたたみ傘 ワンタッチ自動開閉 おりたたみ傘メンズ 10本骨 頑丈な 大きい 折り畳み傘 (ブラック) 210T超撥水 晴雨兼用 梅雨対策 FU232BK
https://t.co/4SXmxZFYy2 #Amazon",1.3111236245903606e+18
12,2020-09-30 01:55:40,rakten_kaden_,"09/30 10:55

日立　HITACHI コードレススチームアイロン 
【楽天】5390円
【Amazon】5391円

★楽天で購入すると★
 1円 お得（お得率0％）

↓お得な情報を一覧で確認出来るサイト
https://t.co/kMQYxgL6Rh

#楽天市場 #Amazon #お得 #せどり https://t.co/qZow0qccKs",1.3111225101596058e+18
13,2020-09-30 01:56:44,CGTNTech,"#Amazon unveils #payment by #handwaving, ""a fast, convenient, #contactless way"" for people to flash their palm to make payment or enter a location like a stadium or office building. How do you like it?
https://t.co/ogZzX194n7",1.3111227797484462e+18
14,2020-09-30 01:55:36,XperienceDope,"Blasting The Weeknd - In Your Eyes (Club) right now on Pretty Dope Xperience Radio aka #BlackPandora

listen now and catch a wave!! https://t.co/VqKFopeoex  #nowplaying #np #RT  #NowStreaming #Streema Download Now #Alexa #GooglePlay #iOSAppStore #Amazon #",1.311122493801984e+18
15,2020-09-30 01:59:36,kakicchysmusic6,https://t.co/MaMFRamliO: I Lost My Way: kakicchysmusic: MP3 Downloads https://t.co/tLoVRQDxRs #Amazon #Prime,1.3111234983585628e+18
16,2020-09-30 01:59:40,sheffdeals,"LG Nano 8 55"" 4K Ultra HD Smart LED w/ Alexa for $499.99; retail $899.99

Click Link Below👇
https://t.co/XO6PVnY4kL

#deals #amazon #amazonprime #PresidentialDebate2020 #Debates2020 #debates #BlackTechTwitter #techtwitter #Election2020  #sheffdeals #tech https://t.co/CSa8SvJN1i",1.3111235163355013e+18
17,2020-09-30 01:55:36,0tbUpfrO35Vtncf,"アマゾンタイムセール情報 
GOOSERA ドライブレコーダー ミラー型 前後カメラ 【64Gカード付】  10インチ フルタッチパネル SONYセンサー 2K  日本語取扱説明書 12ヶ月安心保証  https://t.co/yn9UxEDptx 
＃アマゾンタイムセール
＃タイムセール
＃セール
＃ドラレコ
＃煽り運転
#危険運転 
＃Amazon",1.311122494858748e+18
18,2020-09-30 01:55:10,ginta61,"楽天ランキングNo,1
50枚入り【送料無料】
大量マスク買いはこちらです|ω·）

https://t.co/1zGrICfgkO

#Amazon
#マスク
#楽天
#コロナ",1.3111223834748887e+18
19,2020-09-30 01:56:44,CoolDealCA,"💲💰
NYDJ womens Barbara Boot-cut j...
Reduced from $109.00 to $49.99

# #Deals #new #Deals #Amazon  #Deal #ganga

 https://t.co/9qMwz8YmKx https://t.co/r06pcD82Kc",1.311122776791683e+18
20,2020-09-30 01:55:50,sheffdeals,"💥LG 50"" 4K Ultra HD Smart TV Alexa Built-In (2020) for $363.99; retail $399.99

Click Link Below👇
https://t.co/5wa8KTiGx3

#deals #amazon #amazonprime #PresidentialDebate2020 #Debates2020 #debates #BlackTechTwitter #techtwitter #developers #Election2020 #tech #Apple #sheffdeals https://t.co/Gkw8M4sy5v",1.311122553226834e+18
21,2020-09-30 01:58:11,amayan1973,"#純烈
#スーパー銭湯の逢いましょう
私は見たので
実母にプレゼントしました。
時間がある時にみるって
それにしても
#amazon で
#通常盤
安かったわ。",1.311123145093337e+18
22,2020-09-30 01:58:28,Info_forever01,CHANEL(シャネル) MIROIR DOUBLE FACETTES　ミロワール　ドゥーブル　ダブルコンパクトミラー 　https://t.co/daMDuzoUML　シャネル(*´∀`*) #amazon #beauty #beautiful #happy #life #cosme #bodycare #skincare #everyday #love #chanel #シャネル #world #pickup #checkit #checkitout #mirror #f,1.3111232165727846e+18
23,2020-09-03 18:26:48,LenovoLegion,"Lenovo Legion x @PlayApex
Now is your chance to rise above the rest. 
Unmatched performance, purposeful engineering, modern design.
Gear up with a machine as savage as you are.
Stylish outside.
Savage inside.",1.301587465258578e+18
24,2020-09-30 01:56:42,CoolDealCA,"💲💰
Revlon Nail Clipper (Curved Bl...
#New  price $1.15

# #Deals #new #Deals #Discounts #Amazon  #Deal #ganga

 https://t.co/z9YdpVqbo0 https://t.co/xvAOvMPzSy",1.3111227710957527e+18
25,2020-09-30 02:00:14,Cellebrite_UFED,"Join this upcoming webinar to test your #DigitalIntelligence knowledge and for a chance to win an #Amazon voucher! 
Register here: https://t.co/gt6Mph8i3L 

*Cellebrite reserves the rights to pick the winner in the case of a tie https://t.co/qImxSxiSjJ",1.311123660992852e+18
26,2020-09-30 01:56:24,TheInStockRoom,"***New Deal***
Revlon Nail Clipper (Curved Bl...
New price $1.15
https://t.co/kgMCofqukD
#Deals #newDeals #Discounts #Amazon https://t.co/oMuIGl7ZYk",1.3111226960261612e+18
27,2020-09-30 01:56:57,sheffdeals,"All-New Toshiba 32-inch Smart HD FIRE TV 2020 for $179.99

Click Link Below👇
https://t.co/Gf6Ch5erkl

#deals #amazon #amazonprime #PresidentialDebate2020 #Debates2020 #debates #BlackTechTwitter #techtwitter #developers #Election2020 #tech #Apple #twitch #gamers #ps5 #sheffdeals https://t.co/cpYvWroT0B",1.311122832093569e+18
28,2020-09-30 02:00:25,shinchaku,【発売日：2020/09/25】千剣の魔術師と呼ばれた剣士 3巻 (デジタル版ビッグガンガンコミックス)  https://t.co/eruq3aGpzF #amazon,1.311123706123608e+18
29,2020-09-30 02:00:22,_halfboil,"I am a regular at both #Flipkart and #Amazon, received packages even yesterday. I have not reached out by any delivery agent from Flipkart. 

It is unfair of Flipkart to blame me and cancel the order. I just checked after the order cancellation and the product was sold out.",1.3111236924542525e+18
30,2020-09-30 02:00:18,buybooks_amazon,#BestBooks #Amazon #Novel : YOUR HEART IS A MUSCLE THE SIZE OF A FIST --&gt; https://t.co/UaAPdkjO82,1.3111236740538e+18
31,2020-09-30 01:57:02,Chencha38198867,"iphone 7/8/ケース iPhone SE ケース 防水ケース 耐衝撃ケース 防塵 ワイヤレス充電 指紋認証対応 米軍MIL規格 軽量 薄型 クリア ストラップ付き 全面保護カバー（4.7インチ）
元値:2199円
#レビュー募集 #レビュー #アマゾンレビュー #全額返金 #無料 #副業 #懸賞 #Amazon #ギフト券 #ペイパル https://t.co/WI6aAfQnIM",1.3111228540421693e+18
32,2020-09-30 01:58:52,0tbUpfrO35Vtncf,"アマゾンタイムセール情報
蟹や牡蠣などの海鮮BBQ食材がお買い得 https://t.co/AgNII6kSkg 
＃タイムセール
＃Amazon
＃セール
＃BBQ
＃蟹
＃カニ
＃牡蠣
＃カキ
＃バーベキュー",1.3111233171227648e+18
33,2020-09-30 01:54:25,WhiteHetzer,"クラフトイチゴジャム（14ｇ×50） https://t.co/siNKQDG6Bc #Amazon

ホテルの朝食とかで出てくるこの小さいジャム
なぜ無性に食いたくなってきた
パターロールにつけて食う",1.3111221972980326e+18
34,2020-09-30 02:00:11,yuki_nagase,"【生活雑貨】ベスト10
生活雑貨 ソファー ソファ 2人掛け ポケットコイル 北欧 一人暮らし (グレー)【大型】
https://t.co/pf0WAGJ3nq #Amazon",1.3111236465098506e+18
35,2020-09-30 01:56:29,TheInStockRoom,"***New Deal***
NYDJ womens Barbara Boot-cut j...
Reduced from $109.00 to $49.99
https://t.co/v1CEI6SG9q
#Deals #newDeals #Amazon https://t.co/yyPZ2yyEeW",1.311122716133675e+18
36,2020-09-30 01:54:56,VfGoaBCrLiInilf,"おつまみがない！！って事になる前に買い溜めしとこう！
 #amazon #お酒 #おつまみ

 https://t.co/gxDM8NYjtb",1.311122326113538e+18
37,2020-09-30 02:00:16,yuki_nagase,"【生活雑貨】ベスト10
生活雑貨 ランドリーラック 洗濯機ラック 省スペースで設置が出来る突っ張り式 バスケットタイプ ブラウンパイプ×ナチュラル棚 【大型】
https://t.co/gWarI3C1Rd #Amazon",1.3111236683873362e+18
38,2020-09-30 02:00:23,shinchaku,【発売日：2020/09/17】半沢直樹 アルルカンと道化師  https://t.co/sixfGXxb6t #amazon,1.3111236951009772e+18
39,2020-09-30 01:57:27,sheffdeals,"💥AMAZON PRIME MEMBERS!💥

GET TWO Echo Dot (3rd Gen) for $39.98

Click Link Below👇
https://t.co/vahFlURcJr

Use Coupon at checkout - DOTPRIME2PK

#deals #Amazon #PresidentialDebate2020 #Debates2020 #debates #AmazonDeals #PrimeDay2020 #BlackTechTwitter #techtwitter #sheffdeals https://t.co/383x6YCe4v",1.3111229574108938e+18
40,2020-09-30 01:59:00,Trisha_McNary,"#Read HYPNOSNATCH and more #SFF #ebooks on sale: 
#book #bookpromo #sciencefiction#ebook #readers #amazonUK #amazon  #ebookdeals #KDP #kindle #novel #iartg #kindlebooks #SupportIA #goodreads #supernatural #vampires #mystery #ADP #paranormal #SciFi

CLICK🡺https://t.co/onDQRJGIZ7 https://t.co/c3KaWD8VC4",1.3111233476111196e+18
41,2020-09-30 01:54:30,sheffdeals,"LG 50 inch UHD 4K HDR AI Smart TV 2020 for $409.99

Click Link Below👇
https://t.co/fesY4ixe1K

#deals #amazon #amazonprime #PresidentialDebate2020 #Debates2020 #debates #BlackTechTwitter #techtwitter #developers #Elections2020 #tech #Apple #twitch #gamers #ps5 #sheffdeals https://t.co/evEBE6GuG8",1.3111222182277734e+18
42,2020-09-30 01:58:34,sheffdeals,"💥DON'T MISS AMAZON PRIME DAY💥

SIGN UP FOR AMAZON PRIME FREE TRIAL TODAY!

Trial last for 30 days - Prime Day Oct 13-14th

Click Link Below👇
https://t.co/uVmStlUeMJ

#deals #PresidentialDebate2020 #Debates2020 #debates #technology #amazon #developers #techtwitter #sheffdeals https://t.co/7OECfARyiz",1.3111232380895683e+18
43,2020-09-30 02:00:03,YabRock,The Stanley Clarke Band / #StanleyClarke Feat. #上原ひろみ https://t.co/dIXHaAdXWj #Jazz #アマゾン #Amazon #AmazonJP,1.3111236135216497e+18
44,2020-09-30 01:55:04,U8LKN15TNAiuGzI,"2021年まであと3ヶ月
早速Amazonでおせち料理のご予約が開始、お値打ちの5000円から超豪華な50000円以上もするおせち料理も！ #Amazon #おせち料理 https://t.co/rkS3lGt2w1",1.311122356836774e+18
45,2020-09-30 02:00:01,gilstefania,"Cameron es una chica real, llena de curvas e inseguridades.
Las curvas del amor - Trilogía Hermanas Collins I
📖Primeras páginas➡️ https://t.co/7zcxleiHzU
🛒Ir a Amazon➡️ https://t.co/nar9E1La92
#kindle #amazon #love https://t.co/ssCl8ZZvlb",1.3111236030779515e+18
46,2020-09-30 01:57:20,mpparker7,@maddow #shitshow2020  #amazon and #Netflix greatl alternative,1.3111229296321167e+18
47,2020-09-30 01:58:11,QuickShopDeals,"***Great Deal***Low Price***
PRAISUN Halloween Decor Shining Witch, Life Size Hanging House Prop Decorations with LED Eyes, Indoor/Outdoor Halloween Props for Yard Home Parties - 4.2ft
Reg$17.99 to $14.99
https://t.co/MWAKZqXgXI
#amazon #amazondeals #deals #sale #save #savings https://t.co/OOP3IE3abo",1.3111231450221117e+18
48,2020-09-30 01:56:50,PerdidoMe,No olviden comprar la novela LA MESERA DE SATANÁS en amazon https://t.co/InSKcz3ecl #book #Amazon,1.311122805061292e+18
49,2020-09-30 01:58:09,Saikai78,フジミ模型 1/700 特シリーズ No.0 大和幻の改造計画 プラモデル 特0 https://t.co/5bVwblpYc0 #Amazon,1.311123136146858e+18
,date,screen_name,tweet,tweet_id
0,2020-09-30 01:54:05,NatagalaR,"Nueva tecnología de #Amazon: Se podrá pagar con la palma de la mano
 https://t.co/Jvl2sqCMQl",1.3111221114534502e+18
1,2020-09-30 01:50:37,fernando_frozen,#Amazon #PrimeVideo #AmazonPrimeVideo #AfundeONavio #BlowTheManDown @PrimeVideoBR https://t.co/W0rHTc5GK1,1.3111212398476452e+18
2,2020-09-30 01:52:25,0tbUpfrO35Vtncf,"アマゾンタイムセール情報
【本日限定】本格シャンパン や ワインセットなどがお買い得 https://t.co/k6s9Vhe5sB 
＃アマゾンタイムセール
＃AMAZON
＃タイムセール
＃セール
＃ワイン
＃シャンパン
＃酒",1.311121690038956e+18
3,2020-09-30 01:49:23,nolajazz,"@DLoesch Nah, corporations would just pay their fair share of taxes. #Amazon",1.311120929297236e+18
4,2020-09-30 01:49:58,hidesan_tv,"#おすすめ #売れ筋 #ベストセラー #PS4 #Switch #子供 #プレゼント #おもちゃ #ゲーム #Amazon #楽天 #楽天ROOM🌈
スパイク・チュンソフト の 【PS4】サイバーパンク2077 コレクターズエディション【https://t.co/AGbgPDtDd3限定】SAMURAIを Amazon でチェック！ https://t.co/4kjXIQn0rN @amazonより",1.311121075296596e+18
5,2020-09-30 01:53:07,pradeep_kumar86,"Best Amazon Saree Haul Under 500|| Saree Review||Indian Vlogger||
https://t.co/ELtM0uxVyR                   #amazon #AmazonDeals #AmazonGreatIndianFestival #bestbuy #Flipkart #Myntra #sareetrending #saree #vlogger #vlogging https://t.co/xoHR25uAVM",1.311121869693616e+18
6,2020-09-30 01:50:26,hidesan_tv,"#おすすめ #売れ筋 #ベストセラー #PS4 #Switch #子供 #プレゼント #おもちゃ #ゲーム #Amazon #楽天 #楽天ROOM🌈
ソニー・インタラクティブエンタテインメント の 【PS4】Ghost of Tsushima (ゴースト オブ ツシマ) を Amazon でチェック！ https://t.co/VWrLJ6k62g @amazonより",1.3111211936389284e+18
7,2020-09-30 01:53:00,Haidji,"Book Quote: ""Sometimes she liked to be a little bit..."" Click on  https://t.co/dtJDiKIzzd #crazy #mad #quoteoftheday #quotes #kindleunlimited #bookquotes #read #ebook #ku  #paperback #amazon  #inspiration #haidji #goodreads  #reading #BookBoost #book https://t.co/RAkvKYdfFN",1.3111218378421412e+18
8,2020-09-30 01:48:04,Chimpmart_2016,"Absolutely! 😂
.
Check out some cool items in the link below:
https://t.co/D7nizexm6U
.
#Chimpmart #Gift #GiftIdeas #Amazon #AmazonDeals #AmazonPrime #ShoppingOnline #OnlineShopping #Shopping #Shop #Adulting #AddtoCart #ShopOnline #RetailTherapy #OnlineDeals #TuesdayNight https://t.co/SoW6jdLanH",1.3111205972088914e+18
9,2020-09-30 01:45:09,CoolDealCA,"2 #Amazon  Echo Dots for $40!!

*Retail for one is $50

Use Code: DOTPRIME2PK
 #Deal #ganga

 https://t.co/U6Vc5eUa8Q https://t.co/6w1PbZrUTa",1.3111198626982502e+18
10,2020-09-30 01:45:43,sheffdeals,"LG 50 inch UHD 4K HDR AI Smart TV 2020 for $409.99

Click Link Below👇
https://t.co/fesY4iOOTi

#deals #amazon #amazonprime #PresidentialDebate2020 #Debates2020 #debates #BlackTechTwitter #techtwitter #developers #Election2020 #tech #Apple #twitch #gamers #f4f #ps5 #sheffdeals https://t.co/R3W1eGRP5s",1.3111200045746708e+18
11,2020-09-30 01:50:07,0tbUpfrO35Vtncf,"アマゾンタイムセール情報
【本日限定】EMS 腹筋ベルト/マッサージスリッパがお買い得 https://t.co/iMOxUTnfMc 
＃アマゾンタイムセール
＃AMAZON
＃タイムセール
＃セール
＃腹筋
＃EMS",1.3111211138548204e+18
12,2020-09-30 01:44:06,QuickShopDeals,"***Great Deal***Low Price***
Twinkle Star 66ft 200 LED Halloween String Lights UL Safe Certified Outdoor Fairy Lights Plug in, Expandable Green Wire Clear Bulbs Mini Lights 8 Modes, 
Price$19.99
https://t.co/HNdbt6nd1j
#amazon #amazondeals #deals #sale #save #savings #shop https://t.co/0xj0y3xy70",1.311119598595584e+18
13,2020-09-30 01:50:40,rakten_kaden_,"09/30 10:50

【予約10/16出荷】フジ医療器 フットマッサージ
【楽天】46700円
【Amazon】49900円

★楽天で購入すると★
 3200円 お得（お得率7％）

↓お得な情報を一覧で確認出来るサイト
https://t.co/kMQYxgL6Rh

#楽天市場 #Amazon #お得 #せどり https://t.co/hVDwYIxkpW",1.3111212502577848e+18
14,2020-09-30 01:51:52,AGarr293,"Do you need a new rug for your living room??
There are four different color choices.
Take a look here!
https://t.co/2crL6S06oD
#HomeDecor #rugs #livingroom #carpet #amazon",1.3111215531032863e+18
15,2020-09-30 01:47:21,0tbUpfrO35Vtncf,"アマゾンタイムセール情報
バイオフィッター・ハイドロテックがお買い得 https://t.co/2lgGvvCjkf @amazonより 
＃アマゾンタイムセール
＃AMAZON
#タイムセール 
＃セール
＃クツ
＃靴",1.3111204163672842e+18
16,2020-09-30 01:50:35,TheInStockRoom,"***New Deal***
Revlon Nail Clipper (curved bl...
New price $1.17
https://t.co/kgMCofqukD
#Deals #newDeals #Discounts #Amazon https://t.co/iqy5yba6EF",1.3111212313416704e+18
17,2020-09-30 01:45:20,ShoppingAgent1,Prime dauerhaft kostenlos https://t.co/7eujz7jnQa #Amazon #prime,1.3111199102155284e+18
18,2020-09-30 01:52:30,sheffdeals,"All-New Toshiba 32-inch Smart HD FIRE TV 2020 for $179.99

Click Link Below👇
https://t.co/Gf6Ch5erkl

#deals #amazon #amazonprime #PresidentialDebate2020 #Debates2020 #debates #BlackTechTwitter #techtwitter #developers #Election2020 #tech #Apple #twitch #gamers #ps5 #sheffdeals https://t.co/aPYED4FPbP",1.3111217126715884e+18
19,2020-09-30 01:50:24,creativemm12,"👉https://t.co/Ucp53WpQ8p  #amazon👈
💯👉Auto Follower👈💯
💯👉#自動相互フォロー👈💯

#autofollower
#Astros
#White #Sox
#Private #Equity
#RT企画
#TeamFollowback
#拡散希望RTお願いします
#TFB
#フォロバ100パーセント
#固定ツイートRT
#TeamFollowBack
#autofollower",1.3111211843190907e+18
20,2020-09-30 01:53:28,NST_Online,"#NSTlifestyle The system called #AmazonOne was touted as ""a fast, convenient, contactless way for people to use their palm to make everyday activities like paying at a store, presenting a loyalty card...

https://t.co/unW07NsZsN

#Amazon",1.311121957249667e+18
21,2020-09-30 01:52:36,creativemm12,"👉https://t.co/Qcwk3COQLd #amazon👈
💯👉Auto Follower👈💯
💯👉#自動相互フォロー👈💯

#フォロバ100パーセント
#Astros
#White #Sox
#Private #Equity
#autofollower
#RT企画
#TFW
#followtrick
#FollowNGain
#FollowBack
#bts
#seventeen",1.311121739296813e+18
22,2020-09-30 01:44:54,Awldridecaldlfe,Come listen to the #podcast on @amazonmusic and leave us a review 😊 #thetruthswehidepodcast #amazon https://t.co/eJSWkTH6nm,1.311119799653675e+18
23,2020-09-30 01:47:00,mokanosuke11,"新型コロナウイルスだからお家で食事 

博多 もつ鍋 蟻月 赤のもつ鍋 しょうゆ味

#新型 #コロナウイルス #感染 #消毒 #ステイホーム #お家時間 #食べ物 #お取り寄せグルメ #美味しい #Amazon #アマゾン #博多 #もつ鍋 #蟻月 #赤のもつ鍋 #しょうゆ味 https://t.co/zVpdjVOoAi",1.3111203277332808e+18
24,2020-09-30 01:50:41,CoolDealCA,"💲💰
Revlon Nail Clipper (curved bl...
#New  price $1.17

# #Deals #new #Deals #Discounts #Amazon  #Deal #ganga

 https://t.co/z9YdpVqbo0 https://t.co/mA161rZT3E",1.3111212563648061e+18
25,2020-09-30 01:51:19,XperienceDope,"Blasting Ray J, Kurupt, La Buck - It Never Rains (Club) right now on Pretty Dope Xperience Radio aka #BlackPandora

listen now and catch a wave!! https://t.co/VqKFopeoex  #nowplaying #np #RT  #NowStreaming #Streema Download Now #Alexa #GooglePlay #iOSAppStore #Amazon #",1.3111214144187638e+18
26,2020-09-30 01:45:48,sq_shun,"有線のイヤホンジャック付きのプロコン、これいいっすね
PDP Afterglow Deluxe+ audio Wired Controller for Nintendo Switch... https://t.co/3PUWBFEoJH #Amazon",1.3111200258356388e+18
27,2020-09-30 01:49:19,RTenderholt,GIVEAWAY! Enter to #win a $10 #Amazon gift card? Go enter the #giveaway daily for your chance to win from @thatsjustjeni Go enter   https://t.co/2rqr2ABzJW,1.3111209119284183e+18
28,2020-09-30 01:45:09,0tbUpfrO35Vtncf,"アマゾンタイムセール情報
下村工業の包丁、ピーラーがお買い得 https://t.co/VzDdjQgGpL 
＃アマゾンタイムセール
＃AMAZON
＃タイムセール
＃セール
＃包丁
＃キッチン",1.3111198627275448e+18
29,2020-09-30 01:45:39,rakten_kaden_,"09/30 10:45

象印　ZOJIRUSHI　圧力IH炊飯ジャー　炎舞
【楽天】54549円
【Amazon】56603円

★楽天で購入すると★
 2054円 お得（お得率4％）

↓お得な情報を一覧で確認出来るサイト
https://t.co/kMQYxgL6Rh

#楽天市場 #Amazon #お得 #せどり https://t.co/GAuUzw1fUc",1.311119990196564e+18
30,2020-09-30 01:44:22,gaoqiaomeizhi,"レビュー募集
希望の方はDMください
#レビュー募集 #レビューアー #レビュー #アマゾンレビュー #無料商品 #無料情報 #無料Amazon #無料 #amazonレビュー募集 #Amazonレビュー #アマゾン #amazonレビュー #Amazon #懸賞 #セラー #フォロー https://t.co/c5CWiCDzXl",1.3111196662285926e+18
31,2020-09-30 01:49:22,QuickShopDeals,"***Great Deal***Low Price***
Twinkle Star 4FT Halloween Decorations Black Spooky Tree, Glittered with 48 LED Orange Lights &amp;12 Pumpkins, 24V 3.6W Low Voltage Lighted Artificial Tree Decor 
Price$44.99
https://t.co/FdJoynStH3
#amazon #amazondeals #deals #sale #save #savings https://t.co/znwT2xKCd3",1.3111209230687068e+18
32,2020-09-30 01:49:33,mybtrmommy,*BEST PRICE* LEGO Disney Frozen II Olaf Building Kit ONLY $7.99 (Retail $14.99) https://t.co/RtbCYUE7oT #amazon https://t.co/3WfgMs2ycR,1.3111209690883973e+18
33,2020-09-30 01:50:05,sheffdeals,"💥All-new Fire HD 8 Plus tablet 32GB for $109.99

Click Link Below 👇
https://t.co/VepRuQFPNz

#deals #amazon #amazonprime #PresidentialDebate2020 #Debates2020 #debates #BlackTechTwitter #techtwitter #developers #healthcare #Election2020 #technology #tech #Apple #sheffdeals https://t.co/ap9R4bQAAs",1.3111211055754404e+18
34,2020-09-30 01:51:33,VampGirl1516,Grimm TV Review #Grimm #amazon #amazonprime https://t.co/zQriT1yPji,1.311121475609346e+18
35,2020-09-30 01:50:06,TweetYourNovel,"Love powerful, #books, true gripping page turners!
Visit 👉👉 https://t.co/ThHMtYDJ1I!
Find a book you'll love!
#booklovers #bookreaders #Amazon #goodbooks #africanamerican #women #inspiration #indiebooks #indiereaders #africanamericanbooks #inspirationalfiction #Kindle #Nook https://t.co/Cx6gnDzpfb",1.3111211081088246e+18
36,2020-09-30 01:45:50,BC70749576,"皆さまお世話になっております。
【限定数: 50】最新モデル 首掛け扇風機 usb充電式 軽量 静音 小型  熱中症対策
50％OFFクーポン配布中
50%OFFコード：PZ6U5HYF
クーポンと併用で
セール特価: ￥640になります。
今すぐチェック⇒ https://t.co/nzHS8KRJK4
#Amazon #セール特価  #セール #アマゾン",1.311120036229079e+18
37,2020-09-30 01:44:02,sheffdeals,"💥DON'T MISS AMAZON PRIME DAY💥

SIGN UP FOR AMAZON PRIME FREE TRIAL TODAY!

Trial last for 30 days - Prime Day Oct 13-14th

Click Link Below👇
https://t.co/uVmStlUeMJ

#deals #PresidentialDebate2020 #Debates2020 #debates #technology #amazon #developers #techtwitter #sheffdeals https://t.co/xBfvwYWvob",1.3111195832863662e+18
38,2020-09-30 01:49:06,hidesan_tv,"#おすすめ #売れ筋 #ベストセラー #PS4 #Switch #子供 #プレゼント #おもちゃ #ゲーム #Amazon #楽天 #楽天ROOM🌈
エレクトロニック・アーツ の FIFA 21【予約特典】最大3個のレアゴールドパック(毎週1個×3週) &amp; カバー選手のレンタルアを Amazon でチェック！ https://t.co/ArqEOgSh3a @amazonより",1.3111208578512445e+18
39,2020-09-30 01:48:40,hidesan_tv,"#おすすめ #売れ筋 #ベストセラー #PS4 #Switch #子供 #プレゼント #おもちゃ #ゲーム #Amazon #楽天 #楽天ROOM🌈
マーベラス の Fate/EXTELLA Celebration BOX for PlayStation4 を Amazon でチェック！ https://t.co/F96bvOEuUb @amazonより",1.311120747218088e+18
40,2020-09-30 01:52:01,sheffdeals,"💥DON'T MISS AMAZON PRIME DAY💥

SIGN UP FOR AMAZON PRIME FREE TRIAL TODAY!

Trial last for 30 days - Prime Day Oct 13-14th

Click Link Below👇
https://t.co/uVmStlUeMJ

#deals #PresidentialDebate2020 #Debates2020 #debates #technology #amazon #developers #techtwitter #sheffdeals https://t.co/VqhraHEpA2",1.3111215903740682e+18
41,2020-09-30 01:46:53,hidesan_tv,"#おすすめ #売れ筋 #ベストセラー #PS4 #Switch #子供 #プレゼント #おもちゃ #ゲーム #Amazon #楽天 #楽天ROOM 
コナミデジタルエンタテインメント の 桃太郎電鉄 ～昭和 平成 令和も定番！～【早期購入特典】ファミコン版「スーパー桃太を Amazon でチェック！ https://t.co/sTpGZDgCdU @amazonより",1.3111202993377649e+18
42,2020-09-30 01:44:13,CUltimategifts,"https://t.co/AIqIsdiBMC

🚨FREE SHIPPING🚨
PUMA RS-X BLADE RUNNER BLACK ASPHALT LIMITED

#ebay #ebayseller #amazon #poshmark #reseller #vintage #resellercommunity #etsy #ebaystore #ebayreseller #forsale #mercari #ebaycommunity #poshmarkseller #thrifting #fashion #thrift",1.3111196297424937e+18
43,2020-09-30 01:46:53,RemDickman,"Taxes! #Debates2020 

Rich Dickman: Eat The Rich T-Shirt https://t.co/mZa1TORk7t #Amazon",1.3111202999293379e+18
44,2020-09-30 01:44:11,sykt111928,"@HarukiKai0628 1ぴこん下さい🥺

https://t.co/iyllwyaHyE #Amazon",1.3111196213788262e+18
45,2020-09-30 01:45:12,WeActRadio,"#SmallBiz is the largest employer in #America. That's larger than the Fed Gov't or #Amazon that pays $0 in taxes.1 in 6 #SmallBusinesses are closed + will not come back. ""But I brought back #football."" - #TrumpMeltdown #Debates2020 #debate",1.3111198744130068e+18
46,2020-09-30 01:50:33,EisWinning,Help me win #amazon gift card from @AuthorDebMason at @FreshFiction https://t.co/EBGF8sH5xm,1.3111212203608637e+18
47,2020-09-30 01:47:15,hidesan_tv,"#おすすめ #売れ筋 #ベストセラー #PS4 #Switch #子供 #プレゼント #おもちゃ #ゲーム #Amazon #楽天 #楽天ROOM🌈
任天堂 の リングフィット アドベンチャー -Switch (【https://t.co/AGbgPDtDd3限定】オリジナルリストバンド 同梱) を Amazon でチェック！ https://t.co/C0t70zWMKB @amazonより",1.3111203905638482e+18
48,2020-09-30 01:48:38,sheffdeals,"All-New Toshiba 32-inch Smart HD FIRE TV 2020 for $179.99

Click Link Below👇
https://t.co/Gf6Ch5erkl

#deals #amazon #amazonprime #PresidentialDebate2020 #Debates2020 #debates #BlackTechTwitter #techtwitter #developers #Election2020 #tech #Apple #twitch #gamers #ps5 #sheffdeals https://t.co/K5eHrmqfwR",1.3111207396433306e+18
49,2020-09-30 01:51:02,Tux_Love,Ebooks.Look no further! #Thriller #IndiePub #Amazon #WomensFiction #indiebookpromo #WritersLife https://t.co/q22PGvXByk,1.3111213456362537e+18
,date,screen_name,tweet,tweet_id
0,2020-09-30 01:42:00,robinsnewswire,"""How to Start a Business Kindle eBook: eDeal Info"" #Amazon #Ebay #Walmart #Discounts #Coupons #Deals: https://t.co/kYWssnNhTz",1.3111190714762404e+18
1,2020-09-30 01:43:57,hidesan_tv,"#おすすめ #売れ筋 #ベストセラー #PS4 #Switch #子供 #プレゼント #おもちゃ #ゲーム #Amazon #楽天 #楽天ROOM🌈
任天堂 の スーパーマリオ 3Dコレクション -Switch を Amazon でチェック！ https://t.co/zBjvwiFPxe @amazonより",1.311119559236096e+18
2,2020-09-30 01:36:37,Mencha_t,"#Amazon
https://t.co/xOAqGsOQ0y",1.311117715726164e+18
3,2020-09-30 01:40:39,rakten_kaden_,"09/30 10:40

シャープ 除湿機 兼 加湿 空気清浄機 プラズマク
【楽天】54980円
【Amazon】58800円

★楽天で購入すると★
 3820円 お得（お得率7％）

↓お得な情報を一覧で確認出来るサイト
https://t.co/kMQYxgL6Rh

#楽天市場 #Amazon #お得 #せどり https://t.co/1HWkAZ6jeU",1.3111187302276751e+18
4,2020-09-30 01:43:39,CassAlessio,Can we talk about how #Amazon is not paying their taxes?! #Debates2020,1.3111194837429494e+18
5,2020-09-30 01:38:53,XperienceDope,"Blasting Shawn Archer - Mad (Club) right now on Pretty Dope Xperience Radio aka #BlackPandora

listen now and catch a wave!! https://t.co/VqKFopeoex  #nowplaying #np #RT  #NowStreaming #Streema Download Now #Alexa #GooglePlay #iOSAppStore #Amazon #",1.311118284885033e+18
6,2020-09-30 01:41:19,hidesan_tv,"#おすすめ #売れ筋 #ベストセラー #PS4 #Switch #子供 #プレゼント #おもちゃ #ゲーム #Amazon #楽天 #楽天ROOM🌈
ソニー・インタラクティブエンタテインメント の PlayStation 4 ジェット・ブラック 500GB (CUH-2200AB01) を Amazon でチェック！ https://t.co/Gbo1mlVB5T @amazonより",1.3111188999544177e+18
7,2020-09-30 01:44:00,nikitabillett,"https://t.co/1rUWRYwrrC

#mustread #writersnetwork #publishing #amazon #author #ebook #writer #writerslife #writing #indiedev",1.3111195727376302e+18
8,2020-09-30 01:41:10,yuyu2000_0908,"丸善でじっくり見た上で衝動買いしたイラストレーター六七質さんの画集。
こんな素晴らしいものがうちにあるだけで背筋が伸びる。引き込まれる。素晴らしい(2度目)。書き込みはもちろん凄い上に、色のバランスと硬軟の質感バランス！

六七質アートワークス 層窟祭 https://t.co/5xyZdSa4MC #Amazon https://t.co/PZqA2DIOeF",1.3111188626585969e+18
9,2020-09-30 01:38:13,catandolivro,"📚 O assassinato de Roger Ackroyd

📌 De: R$ 44,90
✨Por: R$ 19,00 (58% de desconto) +  FRETE GRATIS assinando Amazon Prime.  Assine aqui:  https://t.co/6qR5bdzvU5 

🏪 Loja: #Amazon
✅ Compre aqui: https://t.co/yBARGEJ7oJ

Esse é um dos melhores livros da #AgathaChristie!",1.3111181193063956e+18
10,2020-09-30 01:36:54,creativemm12,"#ADOME Sexy Lingerie Lace Teddy Mini Bodysuit One Piece Babydoll V Neck Outfits Black Small #ADOME for $10.99 
https://t.co/FwITc5ZdO7
#相互RT
#미국배송대행
#amazon
#White #Sox
#Tottenham #vs #Chelsea
#Ari",1.3111177854104084e+18
11,2020-09-30 01:38:52,0tbUpfrO35Vtncf,"アマゾンタイムセール
ゼブラ(ZEBRA) の ゼブラ 水性ペン クリッカート 36色セット WYSS22-36C https://t.co/AWmsCQZut9 
#アマゾンタイムセール
＃AMAZON
＃タイムセール",1.3111182805647278e+18
12,2020-09-30 01:43:54,gaoqiaomeizhi,"レビュー募集しています
応募方法：フォロー/RT/コメント
返金方法：PayPal、Paypay、LINE Pay、Amazonギフト券など。
ご興味がございましたら、ご遠慮なくご連絡してください。🥰
#アマゾンレビュー #アマゾン #amazon #レビューア #アマゾンレビュー募集 #レビュー #無料商品  #Amazonレビュー募集 https://t.co/MqQnP1EZo1",1.3111195466573005e+18
13,2020-09-30 01:43:35,hidesan_tv,"#おすすめ #売れ筋 #ベストセラー #PS4 #Switch #子供 #プレゼント #おもちゃ #ゲーム #Amazon #楽天 #楽天ROOM🌈
任天堂 の あつまれ どうぶつの森 -Switch を Amazon でチェック！ https://t.co/YUYXTdamkV @amazonより",1.3111194680603156e+18
14,2020-09-30 01:36:56,QuickShopDeals,"***Great Deal***Low Price***
Fortnite Bitty Boomers Wireless Bluetooth Speaker
Reg$19.99 to $8.49*Free ship*
https://t.co/a9MgKADbs6
#amazon #amazondeals #deals #sale #save #savings #Shop https://t.co/smTFWAUNYe",1.3111177972426138e+18
15,2020-09-30 01:36:39,kimura_books,「GOTH」「暗いところで待ち合わせ」「夏と花火と私の死体」 ○一 https://t.co/MhXUDfC2aG #books #amazon,1.311117723829584e+18
16,2020-09-30 01:38:00,TenkaraS,"#amazon kindle
#kindle
#kindle e reader
#kindle paperwhite
#kindle ebook reader
#kindle price
#kindle reader
#kindle books
#kindle ereader
#kindle white https://t.co/5LPzACUXxV",1.3111180632327864e+18
17,2020-09-30 01:37:02,CoolDealCA,"Get #Business only pricing 📉 at #Amazon
https://t.co/1KxcShCdc5 https://t.co/MHjzeZufx3",1.3111178203365007e+18
18,2020-09-30 01:39:45,sheffdeals,"💥DEAL ALERT 44% OFF!💥

LG Nano 8 55"" 4K Ultra HD Smart LED w/ Alexa for $499.99; retail $899.99

Click Link Below👇
https://t.co/XO6PVnY4kL

#deals #amazon #amazonprime #PresidentialDebate2020 #Debates2020 #debates #BlackTechTwitter #techtwitter #Election2020  #sheffdeals #tech https://t.co/03VMtCwaPr",1.3111185056354386e+18
19,2020-09-30 01:42:01,robinsnewswire,"""6-Pack Wireless Modular Hexagonal LED Touch Light only $26.99: eDeal Info"" #Amazon #Ebay #Walmart #Discounts #Coupons #Deals: https://t.co/wT3BBXgihO",1.3111190731748925e+18
20,2020-09-30 01:42:40,XperienceDope,"Blasting Lizzo, Ariana Grande - Good As Hell right now on Pretty Dope Xperience Radio aka #BlackPandora

listen now and catch a wave!! https://t.co/VqKFopeoex  #nowplaying #np #RT  #NowStreaming #Streema Download Now #Alexa #GooglePlay #iOSAppStore #Amazon #",1.3111192382545388e+18
21,2020-09-30 01:42:55,AQIservice,"Table Lamp Quality Inspection Service.  Managed your supply chain risk! Please feel free to contact us:info@aqiservice.com

#TableLamp #Quality #Inspection #China #Service
#preshipment #Amazon #FBA #Madeinchina #Manday
#Company #Chinasourcing #Safety #defects #thirdparty https://t.co/PT1tkSOzRb",1.3111193010642493e+18
22,2020-09-30 01:42:00,robinsnewswire,"""SINBEN 4-Outlet Power Strip Surge Protector w/ 2 USB Ports &amp; 10 ft. Cord only $12.99: eDeal Info"" #Amazon #Ebay #Walmart #Discounts #Coupons #Deals: https://t.co/YFORcJTgWZ",1.3111190708680704e+18
23,2020-09-30 01:38:16,Oon_Eileen,"Last Chance! Would you like to win a $50 Amazon Gift Card or PayPal Deposit? Check out this easy entry Gleam giveaway for a chance to #WIN

Open Worldwide

@GooseGiveaways #wingiftcard #wincash #amazon #paypal #winmoney #sweepstakes #giveaways https://t.co/boK56CrbjW",1.3111181307525325e+18
24,2020-09-30 01:41:48,0tbUpfrO35Vtncf,"AMAZONタイムセール情報
ECCOの各種シューズがお買い得 https://t.co/54Sr8PHqn0 
＃アマゾンタイムセール
＃AMAZON
＃タイムセール
＃靴
＃くつ
＃クツ",1.3111190218786038e+18
25,2020-09-30 01:42:28,hidesan_tv,"#おすすめ #売れ筋 #ベストセラー #PS4 #Switch #子供 #プレゼント #おもちゃ #ゲーム #Amazon #楽天 #楽天ROOM🌈
任天堂 の Nintendo Switch 本体 (ニンテンドースイッチ) Joy-Con(L) ネオンブルー/(R) ネオンレッド(バッテを Amazon でチェック！ https://t.co/iCiHQunmVG @amazonより",1.311119189059367e+18
26,2020-09-30 01:37:19,JimTorrence,"“Sacha Baron Cohen’s ‘#Borat’ Sequel Lands at #Amazon Prime Video” via @variety

https://t.co/Ii0xi4UDpb",1.311117890045829e+18
27,2020-09-03 18:26:48,LenovoLegion,"Lenovo Legion x @PlayApex
Now is your chance to rise above the rest. 
Unmatched performance, purposeful engineering, modern design.
Gear up with a machine as savage as you are.
Stylish outside.
Savage inside.",1.301587465258578e+18
28,2020-09-30 01:41:00,tokka24,"Amazon、本日のタイムセールで両耳ハンズフリー通話可能、マイク内蔵型AKIKIのBluetooth 5.0のワイヤレスイヤホンがセール開始前から42%値下がり3,383円に!!さらに800円クーポン利用で2,583円に!! https://t.co/HjN3A6Etnt

#Amazon #タイムセール #ワイヤレスイヤホン #マイク内蔵",1.3111188206862664e+18
29,2020-09-30 01:37:57,gaoqiaomeizhi,"レビュー不要
ご興味がございましたら、ご遠慮なくご連絡してください。

  #アマゾンレビュー #アマゾン #amazon #レビューア #アマゾンレビュー募集 #レビュー #無料商品  #Amazonレビュー募集 #レビュー不要 https://t.co/OjIP8hFD1f",1.3111180500079985e+18
30,2020-09-30 01:43:07,sheffdeals,"LG 50 inch UHD 4K HDR AI Smart TV 2020 for $409.99

Click Link Below👇
https://t.co/fesY4ixe1K

#deals #amazon #amazonprime #PresidentialDebate2020 #Debates2020 #debates #BlackTechTwitter #techtwitter #developers #Election2020 #tech #Apple #twitch #gamers #ps5 #sheffdeals https://t.co/baDrJTrlx5",1.3111193533042852e+18
31,2020-09-30 01:40:43,MrBurns_Civics,Jeff Bezos is raking it in during the pandemic #Amazon #ramscivics,1.3111187469168804e+18
32,2020-09-30 01:35:38,XperienceDope,"Blasting 50 Cent - If I Can't (Club) right now on Pretty Dope Xperience Radio aka #BlackPandora

listen now and catch a wave!! https://t.co/VqKFopeoex  #nowplaying #np #RT  #NowStreaming #Streema Download Now #Alexa #GooglePlay #iOSAppStore #Amazon #",1.311117466324611e+18
33,2020-09-30 01:40:33,0tbUpfrO35Vtncf,"アマゾンタイムセール情報
筆記具がお買い得 https://t.co/vjTeYUNPJM 
＃アマゾンタイムセール
＃AMAZON
＃タイムセール
＃筆記用具
＃筆記具",1.311118707129639e+18
34,2020-09-30 01:40:03,giocarmon,"__   La versione ebook del libro Nella palude degli inganni alimentari a soli 4,66 $ - Il libro che aiuta a mantenerti in salute - A colori - Scaricalo da #Amazon
https://t.co/fcL3fzFqeM https://t.co/JLn1MoQQdz",1.3111185791615427e+18
35,2020-09-30 01:37:01,Genevieveboily,"Last Chance! Would you like to win a $50 Amazon Gift Card or PayPal Deposit? Check out this easy entry Gleam giveaway for a chance to #WIN

Open Worldwide

@GooseGiveaways #wingiftcard #wincash #amazon #paypal #winmoney #sweepstakes #giveaways https://t.co/vRVKMIW4jL",1.3111178152781783e+18
36,2020-09-30 01:38:40,alaa_express,New Fur Faux Coat Mink Hair Rex Rabbit Hair Cape Jacket Black White Fur Overcoat Imitation Rabbit Fur Faux Fox 👉https://t.co/Kzr36q6XBI👈 #dubai #usa #sales #offer #amazon #ebay #alixpress #fashion #style #saudi https://t.co/7tpAPVUVoC,1.3111182325986345e+18
37,2020-09-30 01:43:43,0tbUpfrO35Vtncf,"アマゾンタイムセール情報
【Amazon限定ブランド】リュックほかがお買い得 https://t.co/tE1QChVt0a 
#アマゾンタイムセール
＃AMAZON
＃タイムセール
＃ランドセル
＃リュック",1.3111195037118587e+18
38,2020-09-30 01:42:00,robinsnewswire,"""Living Accents 72"" x 30"" Rectangular Fold-in-Half Table only $29.99: eDeal Info"" #Amazon #Ebay #Walmart #Discounts #Coupons #Deals: https://t.co/cpxTqKo8Wg",1.311119071979602e+18
39,2020-09-30 01:35:48,kana_ogawa,"【ダイニングテーブル】ベスト10
AZUMAYA ダイニングテーブル ミディアムブラウン NW-113MBR
https://t.co/ZayOJjfo6G #Amazon",1.3111175089302323e+18
40,2020-09-30 01:37:10,D3DJBULL,"@d3chalieboy Rain is available on iTunes, Apple Music, Spotify, Google Play, Amazon, https://t.co/vQ1YMjd85h, and all other streaming services. #spotify #applemusic #soundcloud #tidal #itunes #amazon https://t.co/cwAd0GlKxh",1.3111178561097196e+18
41,2020-09-30 01:37:55,msredk1,"Click the link for your chance to #WIN a $100 #Amazon #GiftCard!
https://t.co/89u5TmkG87 https://t.co/ZozpCXDNG6?",1.3111180410911334e+18
42,2020-09-30 01:37:49,bosh918,"Winnia is giving away a $50 #Amazon gift card in celebration of its official launch 🎁

Enter now 👇👇 https://t.co/x8mF8AvQK3",1.3111180174015078e+18
43,2020-09-30 01:36:30,Ozdachs_Biz,Malls aren't just for retail stores anymore... Sears leaves and a high school moves in! #realestate #malls #Amazon #JCPenney #sears https://t.co/pV2HugXp1f,1.3111176859257774e+18
44,2020-09-30 01:40:48,countrynest1,"Last Chance! Would you like to win a $50 Amazon Gift Card or PayPal Deposit? Check out this easy entry Gleam giveaway for a chance to #WIN

Open Worldwide

@GooseGiveaways #wingiftcard #wincash #amazon #paypal #winmoney #sweepstakes #giveaways https://t.co/TJS7GllH5O",1.3111187690041958e+18
45,2020-09-30 01:43:42,creativemm12,"&lt;Current Weather&gt;
Chicago
Temperature: 56.75°F/ Status: clouds
👉https://t.co/HwYxJt7xL5 #amazon👈
💯👉Auto Follower👈💯
💯👉#自動相互フォロー👈💯

#1000ADay
#Astros
#Eric #Trump
#Meghan #McCain
#FollowBack
#1000ADay
#f4f
#相互リツイート
#TF",1.3111194995093545e+18
46,2020-09-30 01:35:38,rakten_kaden_,"09/30 10:35

パナソニック Panasonic ES-WF41-
【楽天】2619円
【Amazon】2644円

★楽天で購入すると★
 25円 お得（お得率1％）

↓お得な情報を一覧で確認出来るサイト
https://t.co/kMQYxgL6Rh

#楽天市場 #Amazon #お得 #せどり https://t.co/vxDrCYEwlw",1.3111174702462075e+18
47,2020-09-30 01:43:40,gaoqiaomeizhi,"レビュー募集しています
応募方法：フォロー/RT/コメント
返金方法：PayPal、Paypay、LINE Pay、Amazonギフト券など。
ご興味がございましたら、ご遠慮なくご連絡してください。🥰
#アマゾンレビュー #アマゾン #amazon #レビューア #アマゾンレビュー募集 #レビュー #無料商品  #Amazonレビュー募集 https://t.co/zhymVDNWBJ",1.3111194921019924e+18
48,2020-09-30 01:38:47,gaoqiaomeizhi,"レビュー募集
希望の方はDMください
#レビュー募集 #レビューアー #レビュー #アマゾンレビュー #無料商品 #無料情報 #無料Amazon #無料 #amazonレビュー募集 #Amazonレビュー #アマゾン #amazonレビュー #Amazon #懸賞 #セラー #フォロー https://t.co/h2ES0JlbAV",1.3111182602852598e+18
49,2020-09-30 01:42:00,robinsnewswire,"""Sony Wireless Noise Canceling Headphones with Mic + 4 USB-C Car Chargers only $257.95: eDeal Info"" #Amazon #Ebay #Walmart #Discounts #Coupons #Deals: https://t.co/DSC2Uq8dV0",1.3111190725919212e+18
,date,screen_name,tweet,tweet_id
0,2020-09-30 01:30:37,yuki_nagase,"【ダイニングセット】ベスト10
koeki ダイニング3点セット ブラウン DSP-75(BR)
https://t.co/V29FgOh92b #Amazon",1.3111162065736663e+18
1,2020-09-30 01:32:23,sheffdeals,"💥DEAL ALERT 44% OFF!💥

LG Nano 8 55"" 4K Ultra HD Smart LED w/ Alexa for $499.99; retail $899.99

Click Link Below👇
https://t.co/XO6PVnY4kL

#deals #amazon #amazonprime #PresidentialDebate2020 #Debates2020 #debates #BlackTechTwitter #techtwitter #Election2020  #sheffdeals #tech https://t.co/CCqsfgYZHV",1.3111166508554977e+18
2,2020-09-30 01:33:53,mybabychoose,"Moonybaby Split 60 Video Baby Monitor 2 Cameras, Split Screen, Pan Tilt Zoom, Extended 12hrs Battery https://t.co/pcGjhhjJjP #baby #parenting #family #usa #amazon #trending #fashion #babygirl #babyboy #gifts @amazon #holiday #blackfriday #thanksgiving #cybermonday https://t.co/BO8Yltnbtd",1.3111170296640102e+18
3,2020-09-30 01:30:38,rakten_kaden_,"09/30 10:30

パナソニック　Panasonic F-YC120H
【楽天】57895円
【Amazon】59500円

★楽天で購入すると★
 1605円 お得（お得率3％）

↓お得な情報を一覧で確認出来るサイト
https://t.co/kMQYxgL6Rh

#楽天市場 #Amazon #お得 #せどり https://t.co/A5JTaEURF3",1.311116210210136e+18
4,2020-09-30 01:32:05,novelsbylia,"""Convincing her that she belongs to him will be his toughest challenge, but he’s not above using seduction to get what he wants.""

https://t.co/vPS8l3h9Xm

 #shifter #wolf #secondchance #sassy #ebook #reader #Amazon https://t.co/hWOsViF5kw",1.311116574632403e+18
5,2020-09-30 01:35:01,kana_ogawa,"【ダイニングテーブル】ベスト10
萩原 ダイニングテーブルセット ダイニングセット ベンチタイプ 【リアルな木目調】 子供 コンパクト 幅100 ブラック LDS-4604BK
https://t.co/yPLZ66xlkz #Amazon",1.311117311403647e+18
6,2020-09-30 01:35:06,kana_ogawa,"【ダイニングテーブル】ベスト10
萩原 ダイニングテーブル ブラウン 片側ベンチタイプ 4点セット LDS-4934BR
https://t.co/FJ111Do5m5 #Amazon",1.3111173334950461e+18
7,2020-09-30 01:34:40,Roxanne2xs,"⁦@sir_dapper⁩ I have this exact one. You won’t regret it. 

Facial Steamer - LONOVE Nano Ionic Face Steamer for Home Facial Warm... https://t.co/COvtTHwW3L #Amazon",1.3111172239064678e+18
8,2020-09-30 01:31:04,CoolDealCA,"💲💰
Safavieh PND4005A Collection A...
Reduced from $345.00 to $147.53

# #Deals #new #Deals #Amazon  #Deal #ganga

 https://t.co/aMu8Ycx1dQ https://t.co/cHENZmG9E3",1.311116317055955e+18
9,2020-09-30 01:31:52,agerpres,SUA: #Amazon introduce plata contactless cu palma https://t.co/p6hLMysjJD,1.3111165208445993e+18
10,2020-09-30 01:34:10,sheffdeals,"💥LG 50"" 4K Ultra HD Smart TV Alexa Built-In (2020) for $363.99; retail $399.99

Click Link Below👇
https://t.co/5wa8KTiGx3

#deals #amazon #amazonprime #PresidentialDebate2020 #Debates2020 #debates #BlackTechTwitter #techtwitter #developers #Election2020 #tech #Apple #sheffdeals https://t.co/7GmBnap72K",1.3111170997215437e+18
11,2020-09-30 01:30:42,yuki_nagase,"【ダイニングセット】ベスト10
DORIS ダイニングセット ダイニングテーブル コーナー ベンチ テーブルとチェアセット クッション入り座面 要組立 ナチュラル ネロ
https://t.co/j5LO38PjOH #Amazon",1.311116228530856e+18
12,2020-09-30 01:31:55,tokka24,"Amazon、本日の特選タイムセールでSAVOY(サボイ)のレディースバッグがセール前日より最大42%値下がり、Amazon限定ブランドのリュックがセール前日より最大35%値下がり!! https://t.co/LPShis1NbG

#Amazon #SAVOY #サボイ #タイムセール",1.311116534194946e+18
13,2020-09-30 01:33:22,ecuadormycountr,"!!! Ecuador is also Amazon region. Photos taken by #travellers #expats #explorers #volunteers #adventurers that visited Ecuador and their 4 nearby worlds: #Andes, #Amazon, #GalapagosIslands and #PacificCost https://t.co/kqH3VTb6Y4",1.311116896532603e+18
14,2020-09-30 01:30:23,8x8_49,"ワールド・イズ・ユアーズ (星海社FICTIONS) https://t.co/ZYrGRSgHTK #Amazon

買って欲しいやつ",1.3111161459660227e+18
15,2020-09-30 01:30:21,yuki_nagase,"【ダイニングセット】ベスト10
LOWYA ダイニングセット ダイニングテーブル 5点セット ファブリック 4人掛け ナチュラル
https://t.co/4muiR4Vp8P #Amazon",1.311116140823761e+18
16,2020-09-30 01:30:34,bootswon,"Last Chance! Would you like to win a $50 Amazon Gift Card or PayPal Deposit? Check out this easy entry Gleam giveaway for a chance to #WIN

Open Worldwide

@GooseGiveaways #wingiftcard #wincash #amazon #paypal #winmoney #sweepstakes #giveaways https://t.co/lTX5IRdy4A",1.3111161929801032e+18
17,2020-09-30 01:30:27,yuki_nagase,"【ダイニングセット】ベスト10
LOWYA ダイニングセット テーブル 4人掛け チェア 4脚 5点セット ダークブラウン
https://t.co/xZgL8IGs7p #Amazon",1.3111161627264655e+18
18,2020-09-30 01:30:59,MihirPa06563838,"Enjoy❤  greatest deals with 😘 20%-50% discounts on Amazon. 
😘😘😘😘😘😘😘😘😘😘
Link🔗👌 https://t.co/1JqsyPmmKa

👆👆👆👆👆👆👆👆👆👆
#Amazon #bestbuy  #shoppingkadum #sellonamazon #firstcry #amazonprime #Flipkart @amazon @Sell_on_Amazon @firstcryindia @Flipkart @PrimeVideo https://t.co/Ge0paz8H8o",1.311116297283887e+18
19,2020-09-30 01:35:16,kana_ogawa,"【ダイニングテーブル】ベスト10
不二貿易 ダイニングテーブル 幅120cm ブラウン 天然木 簡単組み立て スノア96783
https://t.co/2xc0xpgPjj #Amazon",1.3111173773926195e+18
20,2020-09-30 01:30:32,yuki_nagase,"【ダイニングセット】ベスト10
萩原 ダイニングテーブルセット ダイニングセット 2人用 【憧れのカフェ風デザイン】 コンパクト 幅70 ホワイト LDS-4603WH
https://t.co/m5JdSrBiX7 #Amazon",1.3111161846416302e+18
21,2020-09-30 01:35:32,kana_ogawa,"【ダイニングテーブル】ベスト10
アイリスプラザ ダイニングセット ダイニングテーブル セット 5点セット 4人掛け 4人用 ナチュラル ASP-1275
https://t.co/TDu4AX79nG #Amazon",1.3111174433565286e+18
22,2020-09-30 01:30:16,yuki_nagase,"【ダイニングセット】ベスト10
アイリスプラザ ダイニングセット ダイニングテーブル セット 5点セット 4人掛け 4人用 ナチュラル ASP-1275
https://t.co/eu8IjG4jMq #Amazon",1.311116118900093e+18
23,2020-09-30 01:35:22,kana_ogawa,"【ダイニングテーブル】ベスト10
ダイニングセット ダイニングテーブルセット ダイニングテーブル ダイニングチェア チェア リビング おしゃれ 食卓 食卓セット (4点セット, ブラウン)
https://t.co/gV7FnnfnFp #Amazon",1.3111173993498378e+18
24,2020-09-30 01:33:16,sheffdeals,"All-new Fire HD 8, 32 GB (2020) for $89.99

Click Link Below👇
https://t.co/VNhYyK0IrT

#deals #amazon #amazonprime #PresidentialDebate2020 #Debates2020 #debates #BlackTechTwitter #techtwitter #technology #tech #Apple #sheffdeals https://t.co/OHsucs3kpB",1.311116873254269e+18
25,2020-09-30 01:35:37,kana_ogawa,"【ダイニングテーブル】ベスト10
アイリスプラザ ダイニングテーブル 木製 インテリアに馴染みやすい DTV-1275 幅120×奥行75×高さ72㎝ オーク
https://t.co/9ndRVcfLF9 #Amazon",1.3111174652675195e+18
26,2020-09-30 01:35:22,ProductionPosse,"Daft low-budget indiefilm mockumentary ""Behind the Scenes of TOTAL HELL"" is out now at: https://t.co/bYjnvUq4sO #btsoth #amazon #vod #movie",1.3111174003650355e+18
27,2020-09-30 01:34:53,AlphaRepricer,"Fastet #Amazon repricer, Alpha Repricer. Also easy on the budget!  50% off 2months!

https://t.co/DWHYDAMwZ8

#Amazonfba #Amazonsellers #AlphaRepricer #fbaseller #repricing #fba #amazonfbaseller #sellingonamazon #newyork #brooklyn #Losangeles #California #Sandiego #ny https://t.co/IXhDBWoJJq",1.3111172795731804e+18
28,2020-09-30 01:30:50,humanwatches,Swiss Army Women's Maverick Small Watch https://t.co/6OABb5pjxR #watches #clock #jewelry #trends #fashion #amazon #gifts #giftideas @amazon #holiday #blackfriday #thanksgiving #cybermonday https://t.co/qM6C4YgBeZ,1.3111162589732782e+18
29,2020-09-30 01:35:11,kana_ogawa,"【ダイニングテーブル】ベスト10
ダイニングマット クリア PVC 180X240cm 特大サイズ 超大判 厚さ1.5mm クリアマット テーブルマット 透明マット ソフト 撥水 おしゃれ 汚れ防止 お手入れ簡単 床暖房対応 滑り止め(240*180cm)
https://t.co/M0SCGHNUKP #Amazon",1.3111173553893868e+18
30,2020-09-30 01:35:08,CoolDealCA,"Highly Rated Premium Bluetooth Headphones only $16.99 🔥

#freebies #deals #deal #moneysaver #greatdeal #steals #discount #sale #bargain #bargainhunter #bargainshopper #cheap #bestprice #Amazon  #Deals #giveaway #Deal #ganga

 https://t.co/XnTaBnSog3 https://t.co/mibVgNWsmN",1.3111173431798415e+18
31,2020-09-03 18:26:48,LenovoLegion,"Lenovo Legion x @PlayApex
Now is your chance to rise above the rest. 
Unmatched performance, purposeful engineering, modern design.
Gear up with a machine as savage as you are.
Stylish outside.
Savage inside.",1.301587465258578e+18
32,2020-09-30 01:31:47,MoGalore,"See &gt;&gt; Today's #Amazon DEALS of the Day
https://t.co/uKteE9LAi0",1.3111165001331261e+18
33,2020-09-30 01:30:11,yuki_nagase,"【ダイニングセット】ベスト10
【5点セット】アイリスプラザ ダイニング セット スチール (テーブル×1、チェア×4) STDSET-5 ヴィンテージデザイン オーク テーブル:幅110×奥行70×高さ75㎝ チェアサイズ(cm):幅約45×奥行約50×高さ約80
https://t.co/EnKBTz0ceu #Amazon",1.311116096783569e+18
34,2020-09-30 01:30:06,yuki_nagase,"【ダイニングセット】ベスト10
ダイニングセット ダイニングテーブルセット ダイニングテーブル ダイニングチェア チェア リビング おしゃれ 食卓 食卓セット (4点セット, ブラウン)
https://t.co/ERRTxrnOTz #Amazon",1.311116074704724e+18
35,2020-09-30 01:30:58,TheInStockRoom,"***New Deal***
Safavieh PND4005A Collection A...
Reduced from $345.00 to $147.53
https://t.co/TotdHfz6fR
#Deals #newDeals #Amazon https://t.co/XjerNkptSb",1.3111162921544212e+18
36,2020-09-30 01:30:39,MdShahr18556660,"https://t.co/uvmOAT7aLH

#photoshop #illustrator #amazon #backgroundremove #businesscard #fbcoverphoto #flyer #brochure #banner #resume #cv https://t.co/SkYJZGRbHl",1.3111162154781368e+18
37,2020-09-30 01:32:03,MdShahr18556660,"https://t.co/jtqPOvI403

#photoshop #illustrator #amazon #backgroundremove #businesscard #fbcoverphoto #flyer #brochure #banner #resume #cv https://t.co/u93wlWbTwW",1.3111165650734244e+18
38,2020-09-30 01:30:15,CoolDealCA,"1080P HD Webcam for $25.99!!

#freebies #deals #deal #moneysaver #greatdeal #steals #discount #sale #bargain #bargainhunter #cheap #bestprice #Amazon  #Deals #giveaway #Deal #ganga

 https://t.co/YqKFi2r3iY https://t.co/jLBRVayXEb",1.311116113577685e+18
39,2020-09-30 01:32:21,SaadSha31843465,"#Redmi
#MiQuizTime
#MiWatchQuiz
#AmazonFunGames
#Amazon https://t.co/ZftaApw6gm",1.311116642181505e+18
40,2020-09-30 01:35:27,kana_ogawa,"【ダイニングテーブル】ベスト10
不二貿易 ダイニングテーブル 2人用 幅75cm ブラウン 天然木 簡単組立て モルト 98816
https://t.co/S9ZQeAAJVE #Amazon",1.3111174214077358e+18
41,2020-09-30 01:30:18,buybooks_amazon,#BestBooks #Amazon #Leadership : STRETCH: HOW TO FUTURE-PROOF YOURSELF FOR TOMORROW'S WORKPLACE --&gt; https://t.co/DUPsakcuMR,1.3111161248224993e+18
42,2020-09-30 01:34:00,mokanosuke11,"新型コロナウイルスお家でAmazonプライムビデオを見よう 
 
THE GUILTY／ギルティ

#北海道 #道内 #都内 #厚生労働省 #感染 #消毒 #新型 #コロナウイルス #非常事態宣言 #ステイホーム #Amazon #アマゾン #Amazonプライム #洋画 #THEGUILTY #ギルティ https://t.co/O0ul742ln6",1.311117056511824e+18
43,2020-09-30 01:30:04,BlazingMinds,#SachaBaronCohen's 'Borat' Sequel to Premiere on #Amazon Ahead of Election https://t.co/JTW7S37m8L https://t.co/dQqULXmHC7,1.3111160686819205e+18
44,2020-09-30 01:33:44,sheffdeals,"💥AMAZON PRIME MEMBERS!💥

GET TWO Echo Dot (3rd Gen) for $39.98

Click Link Below👇
https://t.co/vahFlURcJr

Use Coupon at checkout - DOTPRIME2PK

#deals #Amazon #PresidentialDebate2020 #Debates2020 #debates #AmazonDeals #PrimeDay2020 #BlackTechTwitter #techtwitter #sheffdeals https://t.co/82GhaNZBM5",1.3111169910051594e+18
45,2020-09-30 01:30:07,LWNovels,Leslie Wolfe just gets better and better. DAWN GIRL #Retweet #G1 #Follow #Amazon #summer #friends #mystery #ku https://t.co/QOo688t16i,1.3111160809250857e+18
46,2020-09-30 01:33:20,cycle_okb,Amazon 出品中。ギタリストのためのオープン・コード事典 Amazon最安値更新中!! 限定1点 https://t.co/Vn5pAPbXV2  #guitar #music #amazon,1.3111168888611062e+18
47,2020-09-30 01:32:08,XperienceDope,"Blasting G-Eazy, Tory Lanez, Tyga - Still Be Friends right now on Pretty Dope Xperience Radio aka #BlackPandora

listen now and catch a wave!! https://t.co/VqKFopeoex  #nowplaying #np #RT  #NowStreaming #Streema Download Now #Alexa #GooglePlay #iOSAppStore #Amazon #",1.311116588582658e+18
48,2020-09-30 01:32:35,erlichman,"#Amazon introduces the Amazon One, a way to pay with your palm when entering stores https://t.co/3NOVhpM6AO",1.3111166993374781e+18
49,2020-09-30 01:30:48,yuki_nagase,"【ダイニングセット】ベスト10
タマリビング(Tamaliving) パイン ダイニングセット ダイニングテーブル 幅75cm 2人掛け ナチュラル [3点セット] 50001556
https://t.co/BKweD9v7lS #Amazon",1.3111162505174467e+18
,date,screen_name,tweet,tweet_id
0,2020-09-30 01:29:08,hidesan_tv,"#プレゼント #おもちゃ #ゲーム #フィギュア #仮面ライダー #ガンダム #鬼滅の刃 #Amazon #楽天 #楽天ROOM🌈
BANDAI SPIRITS(バンダイ スピリッツ) の S.H.フィギュアーツ スター・ウォーズ ザ·マンダロリアン(STAR WARS: The Mandalorianを Amazon でチェック！ https://t.co/6ufUpUDwEx @amazonより",1.3111158339098132e+18
1,2020-09-30 01:25:11,CoolDealCA,"Best Selling App Controlled WiFi LED Light Bulb 2-Pack for $14.99!!

#freebies #deals #deal #moneysaver #greatdeal #steals #discount #sale #bargain #bargainhunter #bargainshopper #cheap #bestprice #Amazon  #Deals #giveaway #Deal #ganga

 https://t.co/08JYFPl7eG https://t.co/9KO6h4VDKh",1.3111148374229975e+18
2,2020-09-30 01:29:48,MdShahr18556660,"Amazing business Card
https://t.co/KIpVAZuycp

#photoshop #illustrator #amazon #backgroundremove #businesscard #fbcoverphoto #flyer #brochure #banner #resume #cv",1.311115999580545e+18
3,2020-09-30 01:29:31,net_buss_rsh,"【#Amazon＆#無在庫＆#自動ツール 登場！】もうあなたは価格差を探す作業をする必要はなくなりました。
#せどり #無在庫 #自動化 #amazon #ヤフオク #メルカリ
https://t.co/0WEo9nEyca",1.311115928734638e+18
4,2020-09-30 01:29:06,tamadon0915,"私たちはどうかしている 公式ビジュアルBOOK 

2020年10月1日に入荷予定！！

劇中では見ることのできない貴重なオフショット
などがまるっとこの一冊に。

#私たちはどうかしている 
#Amazon　

https://t.co/CJsb2D5R2I",1.3111158232436204e+18
5,2020-09-30 01:28:20,hidesan_tv,"#プレゼント #おもちゃ #ゲーム #フィギュア #仮面ライダー #ガンダム #鬼滅の刃 #Amazon #楽天 #楽天ROOM🌈
マックスファクトリー(Max Factory) の figma 艦隊これくしょん 艦これ 鹿島 ノンスケール ABS&amp;PVC製 塗装済み可動フィギュア を Amazon でチェック！ https://t.co/ZTtO9sjlsL @amazonより",1.311115629189972e+18
6,2020-09-30 01:26:47,PeterDRoyle,Join me in asking @FP_Champagne not to reward the destruction of the #Amazon! 🔥🔥 Immediately halt the Canada-Mercosur free trade deal &gt;&gt; #ActForAmazon #ClimateAction @GreenpeaceCA https://t.co/kQHMtCaD7U,1.3111152412925297e+18
7,2020-09-30 01:26:23,hidesan_tv,"#プレゼント #おもちゃ #ゲーム #フィギュア #仮面ライダー #ガンダム #鬼滅の刃 #Amazon #楽天 #楽天ROOM🌈
スクウェア・エニックス(SQUARE ENIX) の ニーア オートマタ PLAY ARTS改 &lt;ヨルハ 二号 B型 DX版&gt; PVC製 塗装済み可動フィギュアを Amazon でチェック！ https://t.co/n9LQ7wONwo @amazonより",1.3111151420718572e+18
8,2020-09-30 01:23:51,catandolivro,"Vocês lembram dessa dica, não é?

#amazon https://t.co/5tTV0duZ7a",1.3111145020506358e+18
9,2020-09-30 01:26:34,live_krish,#Google #Pixel4a is retailing in #Amazon at 54k down from a price of 80k. Massive cut. Now it's brother with a 5G version is pepped at 37k with the same single cam. #Pixel phones need to understand pricing pulse in the market if mobile devises are it's next penetration platform https://t.co/RBjEkTsPTL,1.3111151879952916e+18
10,2020-09-30 01:25:02,doujin_onsei,【 #Amazon 】 【Bluetooth5.1 瞬間接続】Bluetooth イヤホン Hi-Fi 蓋を開けて瞬間ペアリング 完全 ワイヤレ… https://t.co/k8oX7ulkv2,1.3111148014273536e+18
11,2020-09-30 01:27:10,sheffdeals,"All-new Fire HD 8, 32 GB (2020) for $89.99

Click Link Below👇
https://t.co/VNhYyK0IrT

#deals #amazon #amazonprime #PresidentialDebate2020 #Debates2020 #debates #BlackTechTwitter #techtwitter #technology #tech #Apple #sheffdeals https://t.co/tFX47sTKsp",1.3111153386171064e+18
12,2020-09-30 01:27:38,hidesan_tv,"#プレゼント #おもちゃ #ゲーム #フィギュア #仮面ライダー #ガンダム #鬼滅の刃 #Amazon #楽天 #楽天ROOM🌈
アルター の 鬼滅の刃 胡蝶しのぶ 1/8 完成品フィギュア を Amazon でチェック！ https://t.co/lbkXeQbHd4 @amazonより",1.3111154546230927e+18
13,2020-09-30 01:24:31,hidesan_tv,"#おすすめ #売れ筋 #ベストセラー #子供 #プレゼント #おもちゃ #ゲーム #フィギュア #ブレイブボード #エヴァっち #きめつたまごっち #Amazon #楽天 #楽天ROOM🌈
ノーブランド品 の ディズニー ツイステッドワンダーランド EX 運動着を Amazon でチェック！ https://t.co/g8ThhjEbgo @amazonより",1.311114671852667e+18
14,2020-09-30 01:30:00,yuki_nagase,"【ダイニングセット】ベスト10
萩原 ダイニングテーブルセット ダイニングセット ベンチタイプ 【リアルな木目調】 子供 コンパクト 幅100 ブラック LDS-4604BK
https://t.co/pB6bHzNtBh #Amazon",1.3111160526594867e+18
15,2020-09-30 01:27:33,seika_hikaku,#ラフィア を安く買いたいなら #cotta #富澤商店 #楽天 #amazon https://t.co/Mfj9aF7Xrd,1.311115433034969e+18
16,2020-09-30 01:24:00,kobabiz,Amazon プライムデー 2020を、10月13日・14日に開催 https://t.co/TgUZJgp243 #amazon #プライムデー #セール,1.3111145394974024e+18
17,2020-09-30 01:29:43,ykswld,山善(YAMAZEN) オープンシェルフ...今売れています！https://t.co/T6EocoCXsO #follow #sougo #Amazon #アマゾン,1.3111159785211535e+18
18,2020-09-30 01:25:35,EdtheSock,Shouldn't #WonderWoman have an ownership stake in #Amazon? https://t.co/PofbcOAe6l,1.311114937201238e+18
19,2020-09-30 01:27:37,sheffdeals,"💥LG 50"" 4K Ultra HD Smart TV Alexa Built-In (2020) for $363.99; retail $399.99

Click Link Below👇
https://t.co/5wa8KTiGx3

#deals #amazon #amazonprime #PresidentialDebate2020 #Debates2020 #debates #BlackTechTwitter #techtwitter #developers #Election2020 #tech #Apple #sheffdeals https://t.co/p7LW0QljKA",1.311115451087442e+18
20,2020-09-30 01:23:57,hidesan_tv,"#おすすめ #売れ筋 #ベストセラー #子供 #プレゼント #おもちゃ #ゲーム #フィギュア #ブレイブボード #エヴァっち #きめつたまごっち #Amazon #楽天 #楽天ROOM🌈
Voocye  の アナと雪の女王 エルサ ワンピース ティアラ付 キッズコスチを Amazon でチェック！ https://t.co/ABFE4XoqxV @amazonより",1.3111145270485197e+18
21,2020-09-30 01:26:09,XperienceDope,"Blasting Barachi, O.T. Genasis - On Me (Club) right now on Pretty Dope Xperience Radio aka #BlackPandora

listen now and catch a wave!! https://t.co/VqKFopeoex  #nowplaying #np #RT  #NowStreaming #Streema Download Now #Alexa #GooglePlay #iOSAppStore #Amazon #",1.3111150819802808e+18
22,2020-09-30 01:27:53,TDHolder,"#amazon charged me for ordering a #Barbie video. I told them I didn’t order that. They removed the charge &amp; I changed my password. Problem solved, except now I occasionally get recommendations on Barbie products based on my purchase history. 🙄",1.311115517986562e+18
23,2020-09-30 01:25:28,masahiro_oba_,"#astraldream #amazon #harmonious 
Astral Dream is an art universe. It is about magic + space. 

Red Harmonic 

https://t.co/Eie7BxDN7X

Light Dragon metropolis 

https://t.co/KEqB94pprc

Wikia

https://t.co/zVhGxskVEX

YouTube 

https://t.co/R0HbQOLj02",1.3111149113096397e+18
24,2020-09-30 01:30:03,YabRock,信陽食品 の 「ポンちゃんラーメン」 5食 醤油 6入 を #AmazonJP でチェック！ https://t.co/VEg7KGiqIl 信州人のソウルフードです！ #Amazon #アマゾン #ラーメン #らーめん #インスタントラーメン #信州ラーメン https://t.co/FWS5wVEmdI,1.3111160612787896e+18
25,2020-09-30 01:26:18,sheffdeals,"💥AMAZON PRIME MEMBERS!💥

GET TWO Echo Dot (3rd Gen) for $39.98

Click Link Below👇
https://t.co/vahFlURcJr

Use Coupon at checkout - DOTPRIME2PK

#deals #Amazon #PresidentialDebate2020 #Debates2020 #debates #AmazonDeals #PrimeDay2020 #BlackTechTwitter #techtwitter #sheffdeals https://t.co/5Q9ovZbDhh",1.311115119531905e+18
26,2020-09-30 01:25:38,rakten_kaden_,"09/30 10:25

ポット 電気 電気ポット 3L IAHD-030-
【楽天】5680円
【Amazon】6180円

★楽天で購入すると★
 500円 お得（お得率9％）

↓お得な情報を一覧で確認出来るサイト
https://t.co/kMQYxgL6Rh

#楽天市場 #Amazon #お得 #せどり https://t.co/SMKnS776Yr",1.3111149503712338e+18
27,2020-09-30 01:26:52,QuickShopDeals,"***Great Deal***Low Price***
Fire 7 tablet (7"" display, 16 GB) - Black
Price$49.99*Free ship* In stock*Great for school/ at home*
https://t.co/9DPK4HkeAb
#amazon #amazondeals #deals #sale #savings #shop https://t.co/c795l0Jain",1.3111152602088325e+18
28,2020-09-30 01:30:00,equilibriumxco,Visita nuestra tienda y aprovecha nuestras ofertas! https://t.co/WUyAgz62IL #Amazon @AmazonMex #Belleza #Beauty #Eyecream #AntiAging #Aromatherapy https://t.co/wV2hnNJG2B,1.3111160515188163e+18
29,2020-09-30 01:30:01,shadowconn,"""BIG BOOK OF REJECTIONS #Kindle Edition

Have you ever wondered if that rejection letter you got from an agent or publisher contained any real, valuable advice or insight?

 #writing #amwriting #reference #amazon

@Amazon.. https://t.co/IsrQXDnPCu https://t.co/Ke62OA5xT8",1.3111160535320248e+18
30,2020-09-30 01:24:31,best_deals_US,"You gotta peep this one:
HME Products 25ft MAXX Hoisting Rope

Offer price: $2.69 (46% OFF!)
Retail: $4.99

https://t.co/8Lnu4h6Aq1

#Amazon #deals #RT https://t.co/ssu8GvJTAc",1.3111146699023196e+18
31,2020-09-30 01:29:40,kakicchysmusic6,https://t.co/MaMFRamliO: Sound of Strange.: kakicchysmusic: MP3 Downloads https://t.co/9uLx6FAeyj #Amazon #Prime,1.311115967284433e+18
32,2020-09-30 01:26:57,uketoricancel,"#無断受取拒否なくそう
ネットショップを作ったなら、必ず利用したい❗️
無断受取拒否対策ツール
https://t.co/Mg8HrRc0LI

#無断受取拒否なくそう #ミンネ #楽天 #ヤフー #メルカリ #ラクマ #amazon",1.311115285085057e+18
33,2020-09-30 01:24:53,MdShahr18556660,"I can design for you anything you want
#photoshop #illustrator #amazon #backgroundremove #businesscard #fbcoverphoto #flyer #brochure #banner #resume #cv #graphicdesign",1.3111147624077025e+18
34,2020-09-30 01:26:54,masahiro_oba_,"#astraldream #amazon #harmonious #apple #AppleEvent 
Astral Dream is an art universe. It is about magic + space. 

Red Harmonic 

https://t.co/Eie7BxDN7X

Light Dragon metropolis 

https://t.co/KEqB94pprc

Wikia

https://t.co/zVhGxskVEX

YouTube 

https://t.co/R0HbQOLj02",1.3111152713529057e+18
35,2020-09-30 01:30:02,suzupaku_07,"#アマゾン
#Amazon
2020　#maillotVert
#QuickStep 半袖ジャージ
Le Tour de France 
#クイックステップ
#ブログ

https://t.co/rVhDvuYZgk #r_blog",1.3111160588377006e+18
36,2020-09-30 01:25:42,Niwarin_Vtuber,"昨日チラッと話したゲーム
やばい すごい 好き

PSアーカイブで遊びました

土器王紀 https://t.co/oCXLRpv2Vi #Amazon",1.3111149699041157e+18
37,2020-09-30 01:30:02,amazon_rankinQ,"【オーバーイヤーヘッドホン】
ゼンハイザー モニターヘッドホン 密閉型 HD 25 White 数量限定 【国内正規品】 JPCU0369
￥17,552
https://t.co/PgPtyrGOAD
#amazon",1.3111160606873477e+18
38,2020-09-30 01:28:18,soso_piano,"アルバム「いのちの音」のネット配信を開始！
2017年のリマスタリング・バージョンです。

★配信サイト一覧
https://t.co/i2hDokSPd7

#iTunes #AppleMusic #Amazon #Spotify #GooglePlay  #LINEMUSIC",1.311115621749461e+18
39,2020-09-30 01:28:00,mokanosuke11,"新型コロナウイルスだからお家で読書
 
anan(アンアン) 2020/08/19号 No.2212[愛とSEX/山田涼介]
Amazon ベストセラー1位

#新型 #コロナウイルス #感染 #消毒 #厚生労働省 #自宅待機 #読書 #本  #Amazon #アマゾン #写真集 #ベストセラー1位 #山田涼介 #anan https://t.co/MVAsxgjord",1.311115546226815e+18
40,2020-09-30 01:26:41,sheffdeals,"💥DON'T MISS AMAZON PRIME DAY💥

SIGN UP FOR AMAZON PRIME FREE TRIAL TODAY!

Trial last for 30 days - Prime Day Oct 13-14th

Click Link Below👇
https://t.co/uVmStlUeMJ

#deals #PresidentialDebate2020 #Debates2020 #debates #technology #amazon #developers #techtwitter #sheffdeals https://t.co/HfHwFfx2iN",1.311115218085458e+18
41,2020-09-30 01:26:58,hidesan_tv,"#プレゼント #おもちゃ #ゲーム #フィギュア #仮面ライダー #ガンダム #鬼滅の刃 #Amazon #楽天 #楽天ROOM🌈
荒野行動 の 荒野行動 フィギュア エージェント・ニキシアフィギュア 聖銃女王の限定衣装セットを付き 交換コード付き 交換コーを Amazon でチェック！ https://t.co/q72DRXtZRg @amazonより",1.3111152886419005e+18
42,2020-09-30 01:25:42,sheffdeals,"💥LG 50"" 4K Ultra HD Smart TV Alexa Built-In (2020) for $363.99; retail $399.99

Click Link Below👇
https://t.co/5wa8KTiGx3

#deals #amazon #amazonprime #PresidentialDebate2020 #Debates2020 #debates #BlackTechTwitter #techtwitter #developers #Election2020 #tech #Apple #sheffdeals https://t.co/WlkSa9bHcJ",1.311114968339755e+18
43,2020-09-30 01:25:49,hidesan_tv,"#おすすめ #売れ筋 #ベストセラー #子供 #プレゼント #おもちゃ #ゲーム #フィギュア #ブレイブボード #エヴァっち #きめつたまごっち #Amazon #楽天 #楽天ROOM🌈
コナミデジタルエンタテインメント(Konami Digital Entertainment) のを Amazon でチェック！ https://t.co/wPKXn5A4s9 @amazonより",1.3111149995704156e+18
44,2020-09-30 01:27:19,hidesan_tv,"#プレゼント #おもちゃ #ゲーム #フィギュア #仮面ライダー #ガンダム #鬼滅の刃 #Amazon #楽天 #楽天ROOM🌈
BANDAI の 仮面ライダーセイバー 変身ベルト DX聖剣ソードライバー を Amazon でチェック！ https://t.co/sHKZVHjp4R @amazonより",1.311115377145856e+18
45,2020-09-30 01:26:55,CodeNameHellBoy,"Why is my Dick driving Around the World?
#amazon 
#Debates2020",1.3111152732950897e+18
46,2020-09-30 01:28:16,MdShahr18556660,"#photoshop #illustrator #amazon #backgroundremove #businesscard #fbcoverphoto #flyer #brochure #banner #resume #cv

https://t.co/E7CeHxLDTh https://t.co/nvZkZjLd0d",1.311115615667499e+18
47,2020-09-30 01:25:20,creativemm12,"👉https://t.co/G0eeXtDKSQ #amazon👈
💯👉Auto Follower👈💯
💯👉#自動相互フォロー👈💯

#固定RT
#Astros
#White #Sox
#Eric #Fisher
#autofollower
#1000ADay
#followermachine
#TeamFollowback
#followtrick
#フォロバ100パーセント
#bts
#seventeen",1.3111148775161815e+18
48,2020-09-30 01:24:47,yongjing0406,Amazonではまだ予約段階ながら結構ランキング上位に来てて嬉しい→テンセントが起こす インターネット+世界革命 https://t.co/gyYt1PsPxW #Amazon,1.3111147360465428e+18
49,2020-09-30 01:27:07,oneuchikoubou,"今日納品予定のカニカン！
Amazonの倉庫に納品するのに手頃な箱がないので、Amazonから送られてきた箱を使う！
送られたら送り返す！Amazon返しだ！
#Amazon
#ハンドメイド
#ハンドメイドアクセサリー
#アクセサリーパーツ
#アクセサリー
#半沢直樹 https://t.co/WGPwS3HME7",1.3111153267638395e+18
,date,screen_name,tweet,tweet_id
0,2020-09-30 01:19:46,CobraKidJay,Just got this massage gun for $102 #Bargain #MassageGun #Fitness #Amazon https://t.co/R8yi0LxOVb,1.311113475876221e+18
1,2020-09-30 01:20:13,SolTaylorRdL,"LIBÉLULAS AZULES 
¿Quién mató a Sharon Nichols? Descubre la respuesta a una pregunta que atormenta a #EthanBush 
OFERTA AQUÍ&gt;&gt;&gt; https://t.co/6AfYeMhtqS 
@merylaso 

#kindle #KindleUnlimited #Amazon #leer #thriller #novela #NovelaNegra #ebooks https://t.co/JQS8eydlcs",1.3111135879943045e+18
2,2020-09-30 01:21:09,leaplab72,"てのひら認証技術「アマゾンワン」を発表。
端末にかざすだけで決済の手続きができる。

コロナ可で非接触が浸透しつつある今、とっさにスマホが出しにくいシーンはあったりするのでニーズはあるのかもしれませんね。

#Amazon

https://t.co/p0MtCXZ99B",1.3111138223425044e+18
3,2020-09-30 01:16:02,MuttCajun,"Now Available From C.M.P.
Life, by R. Keith
 https://t.co/k2tjCKpEVG 

#NewBook #BookBuzz #shortstories #Amazon #CajunMuttPress 
#publishing",1.3111125342006395e+18
4,2020-09-30 01:17:01,CoolDealCA,"Get those Amazon purchases 🎁shipped faster for free 
One month #free #Amazon Prime trial
6 month 👀 free for students
click for details
https://t.co/vkCEWOmxOz https://t.co/YZMU2YeWXu",1.311112785145852e+18
5,2020-09-30 01:17:03,las3claves,"👜💸📹 #Las3Claves de hoy: #Amazon va por su su parte ahora en el comercio físico, #Google compró #Fitbit por una millonada en Europa y más  https://t.co/cQqqYvM0Wt",1.3111127905355284e+18
6,2020-09-30 01:22:13,idolcalendar,"【2020/9/28発売】やさしさに包まれて 吉川麻衣子 Kindle版

#Kindle版 #吉川麻衣子
#idol #アイドル #写真集 #kindle #amazon
https://t.co/N5BOrDzlpb",1.3111140939824128e+18
7,2020-09-30 01:15:37,rakten_kaden_,"09/30 10:15

パナソニック ES-WR50-P(ピンク) フェリ
【楽天】3195円
【Amazon】3400円

★楽天で購入すると★
 205円 お得（お得率6％）

↓お得な情報を一覧で確認出来るサイト
https://t.co/kMQYxgL6Rh

#楽天市場 #Amazon #お得 #せどり https://t.co/6Djqy44vHC",1.3111124303536701e+18
8,2020-09-30 01:18:59,Chencha38198867,"LEDリングライト 三脚スタンド 卓上照明撮影用 10.2インチ 三色モード /10輝度調光 3000K-5600K 照明用キット 顔美化/肌美化ライト 360°角度調整 USB給電 
元値:3599円
#レビュー募集 #レビューアー #レビュー #アマゾンレビュー #全額返金 #無料 #副業 #懸賞 #Amazon #ギフト券 #ペイパル https://t.co/xpyuJdWZKK",1.3111132783078031e+18
9,2020-09-30 01:23:28,hidesan_tv,"#おすすめ #売れ筋 #ベストセラー #子供 #プレゼント #おもちゃ #ゲーム #フィギュア #ブレイブボード #エヴァっち #きめつたまごっち #Amazon #楽天 #楽天ROOM🌈
BANDAI の 鬼滅の刃 DX日輪刀 を Amazon でチェック！ https://t.co/CwDINGPCHt @amazonより",1.3111144068355482e+18
10,2020-09-30 01:17:56,sheffdeals,"💥All-new Fire HD 8 Plus tablet 32GB for $109.99

Click Link Below 👇
https://t.co/VepRuQFPNz

#deals #amazon #amazonprime #PresidentialDebate2020 #Debates2020 #debates #BlackTechTwitter #techtwitter #developers #f4f #Election2020 #technology #tech #Apple #sheffdeals https://t.co/FAZg40aHPR",1.3111130142219018e+18
11,2020-09-30 01:18:39,Designcreateall,真の美というものは、真の知恵と同じく、大変簡明で誰にも分かりやすいものだ。（ゴーリキー） #amazon #design #brand,1.3111131945559327e+18
12,2020-09-30 01:15:52,TheInStockRoom,"***New Deal***
2-Pack OutdoorMaster Kids UV S...
Reduced from $11.99 to $5
https://t.co/45ys2zXEc6
#Deals #newDeals #Discounts #Amazon https://t.co/igvUVC5pql",1.3111124951306977e+18
13,2020-09-30 01:20:14,reformanegocios,"¡El futuro es hoy! 🤩 #Amazon quiere que cheques tu entrada en la oficina y que realices pagos con la misma llave: ¡la palma de tu mano 🤚🏽! 
https://t.co/cBbNANSL0G",1.3111135939040748e+18
14,2020-09-30 01:20:03,ladyarcher1,"Enjoy a captivating and powerful romance. Grab your copy today. Available on paperback/Ebook  FREE on KU.
Freedom  https://t.co/lbU1fRNTqh 
#romance #contemporary #bookbub #goodreads #amazon #kindle #Amazonbooks #womensfiction #KBWorlds https://t.co/lcspA7ZWK5",1.3111135449146614e+18
15,2020-09-30 01:20:10,CoolDealCA,"LifeStyles SKYN Original Condoms, 24 Count only $11.17!!!

#freebies #deals #deal #moneysaver #greatdeal #steals #discount #sale #bargain #bargainhunter #bargainshopper #cheap #bestprice #Amazon  #Deals #giveaway #Deal #ganga

 https://t.co/Ewk6Fw6HWP https://t.co/HDKmQbH2nF",1.3111135766990438e+18
16,2020-09-30 01:23:27,jgmgvmgtctv,"どなたかアマゾンプライムビデオで洋画を見るとき、英語字幕の付け方を教えて頂けませんか？
#Amazonプライムビデオ 
#洋画
#映画
#Amazon",1.3111144035849462e+18
17,2020-09-30 01:19:21,ABRastogi17,@AmazonHelp The package is out for delivery and they'll deliver it from Monday to Sunday from 8am to 9pm. #commitment #Amazon https://t.co/7nqteW4ZW3,1.31111336915635e+18
18,2020-09-30 01:22:06,RemDickman,"Tired of rich people? #Debates2020 #PresidentialDebate2020

Rich Dickman: Eat The Rich T-Shirt https://t.co/FGgNXXcrBA #Amazon",1.3111140641569382e+18
19,2020-09-30 01:16:17,cf_hanz,"Success!!
#乙葉ななせ ☆Presents*
https://t.co/nGtb1R16p0
#DMM https://t.co/yniDRs4EHf
#Amazon https://t.co/Q6GYKS9luG
#R18 #クラウドファンディング",1.3111125997867622e+18
20,2020-09-30 01:15:41,AmandaDaggett,"Last Chance! Would you like to win a $50 Amazon Gift Card or PayPal Deposit? Check out this easy entry Gleam giveaway for a chance to #WIN

Open Worldwide

@GooseGiveaways #wingiftcard #wincash #amazon #paypal #winmoney #sweepstakes #giveaways https://t.co/LBQzPepwEv",1.3111124463717458e+18
21,2020-09-30 01:21:07,SaadSha31843465,"#GreatIndianFeatival
#AmazonSpinanWin
#Amazon https://t.co/ue5rQLSnXX",1.3111138157658644e+18
22,2020-09-30 01:18:59,XperienceDope,"Blasting Lil Durk, G Herbo - Chiraq Demons (Club) right now on Pretty Dope Xperience Radio aka #BlackPandora

listen now and catch a wave!! https://t.co/VqKFopeoex  #nowplaying #np #RT  #NowStreaming #Streema Download Now #Alexa #GooglePlay #iOSAppStore #Amazon #",1.311113276915413e+18
23,2020-09-30 01:20:00,nasayihsuso,"精力剤, ダイエットサプリのレビュー募集中💃
⚠媚薬, 育毛はご案内一時停止中⚠
報酬800円💰

掲載時→商品代+800円
非掲載時→商品代のみ

どちらのケースでも返金時の手数料は販売元様負担👍

新規垢もOK👌ご連絡お待ちしておりますm(_ _)m

#Amazon
#amazonレビュー 
#レビュー募集 
#無料
#報酬 https://t.co/KAWXx4kqPK",1.3111135330236826e+18
24,2020-09-30 01:17:32,WeBTCoficial,"O que era boato acabou se mostrando verdadeiro, já que a #Amazon na segunda-feira confirmou a informação que estava circulando há uma semana: o #PrimeDay estará de volta a tempo para as férias. 

#WeBitcoin
#Amazon #BlackFriday #CyberMonday #AmazonFresh

https://t.co/SXi3uwbE0w",1.311112912015102e+18
25,2020-09-30 01:19:30,BrickSearch,"#LEGO Technic Liebherr R 9800 Excavator 42100 Building Kit (4,108 Pieces) #Amazon #US #Bricks #BrickSearch
🔗 https://t.co/uPjx8mRSY8 *",1.3111134091282596e+18
26,2020-09-30 01:18:05,Galav_Dani,I played this interesting Quiz on Amazon https://t.co/5blhljOQTh #Amazon,1.3111130518489375e+18
27,2020-09-30 01:21:01,idolcalendar,"【2020/9/28発売】ひとときの衝動 希帆 Kindle版

#Kindle版 #希帆
#idol #アイドル #写真集 #kindle #amazon
https://t.co/stAZPnLpn9",1.3111137902644552e+18
28,2020-09-30 01:15:54,iptvtools,#MeridianPoint   #DixMille o #Zilchers  https://t.co/vh0vWvAsCb #Amazon,1.3111125017031803e+18
29,2020-09-30 01:22:38,Ayahsaki,"これだ！　タイトルはドラマと一緒なのか。
2gether vol. 1 (เพราะเราคู่กัน 1 English Version) (English Edition) https://t.co/7hPIWJbbn8 #Amazon",1.3111141966003282e+18
30,2020-09-03 18:26:48,LenovoLegion,"Lenovo Legion x @PlayApex
Now is your chance to rise above the rest. 
Unmatched performance, purposeful engineering, modern design.
Gear up with a machine as savage as you are.
Stylish outside.
Savage inside.",1.301587465258578e+18
31,2020-09-30 01:19:02,BEST300BOT,バッハ／ブランデンブルク協奏曲　【第５位】⇒https://t.co/0mKzBWBFwm #amazon #bot 【第１１位】鈴木雅明指揮バッハ・コレギウム・ジャパン〈2000〉⇒https://t.co/LSDYRq7K5b,1.311113290504745e+18
32,2020-09-30 01:15:00,idolcalendar,"【2020/9/29発売】泉れおな 恋愛コンプライアンス GLD Kindle版

#Kindle版 #泉れおな
#idol #アイドル #写真集 #kindle #amazon
https://t.co/bT04wLGKIp",1.311112277051863e+18
33,2020-09-30 01:18:19,sheffdeals,"💥DON'T MISS AMAZON PRIME DAY💥

SIGN UP FOR AMAZON PRIME FREE TRIAL TODAY!

Trial last for 30 days - Prime Day Oct 13-14th

Click Link Below👇
https://t.co/uVmStlUeMJ

#deals #PresidentialDebate2020 #Debates2020 #debates #technology #amazon #developers #techtwitter #sheffdeals https://t.co/rBZceN4ctO",1.311113109491323e+18
34,2020-09-30 01:16:04,LWNovels,Tess Winnett Crime Thrillers available at Leslie Wolfes #Amazon Store! Shop now!  #Retweet #G1 #summer #usa https://t.co/yr6oCFAky7,1.3111125421991854e+18
35,2020-09-30 01:22:12,creativemm12,"👉https://t.co/NQIaeekOdQ #amazon👈
💯👉Auto Follower👈💯
💯👉#自動相互フォロー👈💯

#相互リツイート
#Tottenham #vs #Chelsea
#White #Sox
#Private #Equity
#f4f
#TFB
#フォロバ100パーセント
#TeamFollowBack
#固定RT
#followergenerator
#TeamFollowback
#RT企画",1.3111140876616253e+18
36,2020-09-30 01:17:22,ModetrendA,Joseph Ribkoff https://t.co/omwFY1BCL2 #fashiondesigner #onlineshopping #handmade #womenswear #womeninbiz #businesswear #smallbiz #dresscode #fashionblogger #moda #trending #fashion #amazon @amazon #holiday #blackfriday #thanksgiving #cybermonday https://t.co/86TQYuuIWI,1.3111128733017416e+18
37,2020-09-30 01:20:37,rakten_kaden_,"09/30 10:20

ソニッケアー 電動歯ブラシ ガムヘルス+エアーフロ
【楽天】7980円
【Amazon】8980円

★楽天で購入すると★
 1000円 お得（お得率13％）

↓お得な情報を一覧で確認出来るサイト
https://t.co/kMQYxgL6Rh

#楽天市場 #Amazon #お得 #せどり https://t.co/SHuSIAS1ZL",1.311113690289025e+18
38,2020-09-30 01:15:05,creativemm12,"&lt;Current Weather&gt;
Dallas
Temperature: 70.43°F/ Status: clear
👉https://t.co/NWDQNZKR34 #amazon👈
💯👉Auto Follower👈💯
💯👉#自動相互フォロー👈💯

#FollowNGain
#Bad #Bunny #Crocs
#Eric #Trump
#Private #Equity
#followergenerator
#FollowBack
#固定ツイートRT
#TFW",1.311112298082177e+18
39,2020-09-30 01:20:58,sheffdeals,"💥AMAZON PRIME MEMBERS!💥

GET TWO Echo Dot (3rd Gen) for $39.98

Click Link Below👇
https://t.co/vahFlURcJr

Use Coupon at checkout - DOTPRIME2PK

#deals #Amazon #PresidentialDebate2020 #Debates2020 #debates #AmazonDeals #PrimeDay2020 #BlackTechTwitter #techtwitter #sheffdeals https://t.co/W8Ka2LlOY0",1.3111137784912036e+18
40,2020-09-30 01:19:27,gloriaorregoh,For our friends outside Argentina ⁦@marucarrera2 ⁦⁦@NatiSaralegui⁩ Dicen que tuve un bebé: Siete historias en las que el sistema judicial... https://t.co/iK0Q60EWa4 #Amazon,1.3111133945068626e+18
41,2020-09-30 01:20:59,sungaitofficial,"Your eyes are like diamonds that shine whichever way I look at them, wherever they stare at.
.
.
.
.
.
.
#glasses #glassesfashion #glasseslover #stylish #styleblogger #fashionstyle #FashionWeek #Amazon #amazonfinds #onlineshopping #Online #sungait #dailylook #casualwear #Trends https://t.co/t3jtKLLh9d",1.31111378144392e+18
42,2020-09-30 01:20:08,MundoTool,"🏗 Lo mejor de DEWALT está en Mundo Tool Ferreterías 💪🏼🟡🛠

🌐 https://t.co/JlmbKzEj4q 🌐
📞 https://t.co/3fc6cVfXUG

#MundoTool #frases #Dewalt #accesorios #herramientas #aunsoloclick #ferreteros #ferreteria #MercadoLibre #Amazon #ClaroShop #herramientasonline #sucursalesMTool https://t.co/H1c7pmCj2R",1.3111135663852995e+18
43,2020-09-30 01:15:59,CoolDealCA,"💲💰
2-Pack OutdoorMaster #Kids UV S...
Reduced from $11.99 to $5

# #Deals #new #Deals #Discounts #Amazon  #Deal #ganga

 https://t.co/wNk5SZM2SA https://t.co/3vT7s2nKFI",1.3111125235722732e+18
44,2020-09-30 01:21:39,sheffdeals,"💥All-new Fire HD 8 Plus tablet 32GB for $109.99

Click Link Below 👇
https://t.co/VepRuQFPNz

#deals #amazon #amazonprime #PresidentialDebate2020 #Debates2020 #debates #BlackTechTwitter #techtwitter #developers #f4f #Election2020 #technology #tech #Apple #sheffdeals https://t.co/PjyY1tjJ62",1.3111139479243653e+18
45,2020-09-30 01:22:28,_mis_ter_e_,"Make #Superman LEGO portraits !!!

#dccomics #HenryCavill #christopherreeve #batman #benaffleck #dcfandome #JusticeLeague #JusticeLeagueSnyderCut #JusticeLeagueTheSnyderCut #kindle #kindlebooks #kindleunlimited #amazon
https://t.co/zTZgg0RgVe",1.3111141551187354e+18
46,2020-09-30 01:19:49,FreshCategory,"Mark Your Calendars! Prime Day Is Here in Time for the Holidays on October 13 &amp; 14 | https://t.co/WTFYn20TUy, Inc. - Press Room https://t.co/vqWh8Hm5ir #amazon",1.311113487628804e+18
47,2020-09-30 01:23:31,brookdonwest,"#amazon Earnings Skyrocket on Cloud Computing, Advertising. #newtechnology https://t.co/tVGqLQwX2Y https://t.co/We8psdUlR2",1.311114417929683e+18
48,2020-09-30 01:16:01,Galav_Dani,I played this interesting Guess and Win on Amazon https://t.co/Frr6KcLDcm #Amazon,1.3111125307485348e+18
49,2020-09-30 01:17:24,BostonianCritic,"#amazon #NintendoSwich
New Unboxing video 
https://t.co/H7jHzmkPOU",1.3111128807926415e+18
,date,screen_name,tweet,tweet_id
0,2020-09-30 01:10:24,CoolDealCA,"💲💰
The Strangers
Reduced from $6.48 to $3.74

# #Deals #new #Deals #Amazon  #Deal #ganga

 https://t.co/g3AyMiFg04 https://t.co/5KpgdhtIge",1.3111111171927368e+18
1,2020-09-30 01:11:20,Chencha38198867,"レディースシェーバー 女性 電動シェーバー 鼻毛カッター 眉毛シェーバー ムダ毛処理 脱毛シェーバー usb 5 in 1 多機能 全身用脱毛器 内刃・水洗い可能 男女兼用
元値:2099円
#レビュー募集 #レビューアー #レビュー #アマゾンレビュー #全額返金 #無料 #副業 #懸賞 #Amazon #ギフト券 #ペイパル https://t.co/EHQJhffPsD",1.3111113546195886e+18
2,2020-09-30 01:08:32,sougo_review,"ネットでの「サクラ行為」をステルスマーケティングという

#Amazon #レビュー #アマゾン #副業 #アマゾンレビュー #amazonレビュー #レビュー募集 #レビューアー #レビュー募集",1.3111106475103068e+18
3,2020-09-30 01:14:57,SiYin1212,"Last Chance! Would you like to win a $50 Amazon Gift Card or PayPal Deposit? Check out this easy entry Gleam giveaway for a chance to #WIN

Open Worldwide

@GooseGiveaways #wingiftcard #wincash #amazon #paypal #winmoney #sweepstakes #giveaways https://t.co/w4RoVQrBQX",1.3111122650980803e+18
4,2020-09-30 01:11:21,NightSyndicate,"Last Chance! Would you like to win a $50 Amazon Gift Card or PayPal Deposit? Check out this easy entry Gleam giveaway for a chance to #WIN

Open Worldwide

@GooseGiveaways #wingiftcard #wincash #amazon #paypal #winmoney #sweepstakes #giveaways https://t.co/35Cf9GoZPx",1.3111113590698516e+18
5,2020-09-30 01:11:43,sheffdeals,"💥AMAZON PRIME MEMBERS!💥

GET TWO Echo Dot (3rd Gen) for $39.98

Click Link Below👇
https://t.co/vahFlURcJr

Use Coupon at checkout - DOTPRIME2PK

#deals #Amazon #PresidentialDebate2020 #Debates2020 #debates #AmazonDeals #PrimeDay2020 #BlackTechTwitter #techtwitter #sheffdeals https://t.co/tyYqzNWR3v",1.3111114489454592e+18
6,2020-09-30 01:11:39,hidesan_tv,"#おすすめ #売れ筋 #ベストセラー #子供 #プレゼント #おもちゃ #ゲーム #フィギュア #ブレイブボード #エヴァっち #きめつたまごっち #Amazon #楽天 #楽天ROOM🌈
BANDAI の きめつたまごっち たんじろうっちカラー を Amazon でチェック！ https://t.co/EBePx7XVZ8 @amazonより",1.3111114313753887e+18
7,2020-09-30 01:12:32,hidesan_tv,"#おすすめ #売れ筋 #ベストセラー #子供 #プレゼント #おもちゃ #ゲーム #フィギュア #ブレイブボード #エヴァっち #きめつたまごっち #Amazon #楽天 #楽天ROOM🌈
ノーブランド品 の きめつたまごっち たんじろうっち&amp;ねずこっち 3を Amazon でチェック！ https://t.co/Mv1ATQusgf @amazonより",1.3111116531827302e+18
8,2020-09-30 01:12:46,kazu_jump,"@akanosuke_c 2個繋ぎですか！
通知でリプ見た時、最後まで表示されず読めなかったので、解決案⁉︎として下記をオススメしようかと履歴漁りましたが繋ぐ事で解決済みでしたね。

ネジ穴径は異なりますが穴を広げれば…と思い

ELITE(エリート) VIP https://t.co/wnZnhcKg1T #Amazon https://t.co/WSdzJalcfn",1.3111117156233216e+18
9,2020-09-30 01:10:34,mam62494,"@wishlnet Super appreciative of everyone who has already helped; I love #retweets! @Raiders #RaiderNation #LasVegasRaiders #LasVegas @NFL #NFL 

👩‍🏫@TpT_Official #ClassFund https://t.co/4cipSrIT4u

📃#Amazon #wishlist
https://t.co/JkuLXG7vvt

📚@Scholastic #campaign https://t.co/v2l9E1jSuA",1.311111158636585e+18
10,2020-09-30 01:07:25,hidesan_tv,"#おすすめ #売れ筋 #ベストセラー #子供 #プレゼント #おもちゃ #ゲーム #フィギュア #ブレイブボード #エヴァっち #きめつたまごっち #Amazon #楽天 #楽天ROOM🌈
BANDAI の バンダイ 汎用卵型決戦兵器 エヴァっち アスカモデル 赤 を Amazon でチェック！ https://t.co/hyvjYFoQSS @amazonより",1.3111103692895396e+18
11,2020-09-30 01:09:22,Chencha38198867,"加湿器 卓上 超音波式 usb充電式 8時間加湿 超静音 水漏れ防止 LEDライト搭載 小型加湿器 空焚き防止 乾燥/花粉症対策 200ml 部屋 車載 会社など適用 (ホワイト)
セール価格:990円
#レビュー募集 #レビューアー #レビュー #アマゾンレビュー #全額返金 #無料 #副業 #懸賞 #Amazon #ギフト券 #ペイパル https://t.co/MZ448msnz1",1.3111108582279414e+18
12,2020-09-30 01:10:18,TheInStockRoom,"***New Deal***
The Strangers
Reduced from $6.48 to $3.74
https://t.co/e5lu2gBwvI
#Deals #newDeals #Amazon https://t.co/XVL1snQE47",1.3111110915236495e+18
13,2020-09-30 01:11:59,hidesan_tv,"#おすすめ #売れ筋 #ベストセラー #子供 #プレゼント #おもちゃ #ゲーム #フィギュア #ブレイブボード #エヴァっち #きめつたまごっち #Amazon #楽天 #楽天ROOM🌈
BANDAI の きめつたまごっち ねずこっちカラー を Amazon でチェック！ https://t.co/dXdppEbbpV @amazonより",1.3111115155047383e+18
14,2020-09-30 01:12:44,newsanalyticsus,"Amazon Drone is Latest in Their Home Security Tech
#Amazon #ringdoorbell #drone
https://t.co/xmztSW635k",1.311111706333061e+18
15,2020-09-30 01:10:28,sheffdeals,"💥DON'T MISS AMAZON PRIME DAY💥

SIGN UP FOR AMAZON PRIME FREE TRIAL TODAY!

Trial last for 30 days - Prime Day Oct 13-14th

Click Link Below👇
https://t.co/uVmStlUeMJ

#deals #PresidentialDebate2020 #Debates2020 #debates #technology #amazon #developers #techtwitter #sheffdeals https://t.co/9erkyqBM0o",1.31111113428872e+18
16,2020-09-30 01:11:09,hidesan_tv,"#おすすめ #売れ筋 #ベストセラー #子供 #プレゼント #おもちゃ #ゲーム #フィギュア #ブレイブボード #エヴァっち #きめつたまごっち #Amazon #楽天 #楽天ROOM🌈
BANDAI の 【Amazon限定】きめつたまごっち きさつたいっちカラー を Amazon でチェック！ https://t.co/UkJp5IUOjF @amazonより",1.3111113070603715e+18
17,2020-09-30 01:06:37,TheInStockRoom,"***New Deal***
Progress Lighting P2005-20 Bat...
Reduced from $21.00 to $12.00
https://t.co/CxFKEvdSTH
#Deals #newDeals #Amazon https://t.co/9WiWLvhNp5",1.3111101649348076e+18
18,2020-09-30 01:12:00,doblellave,#Innovación | #Amazon presentó sistema para pagar con la palma de la mano https://t.co/rZnmISMoX3,1.31111151964459e+18
19,2020-09-30 01:06:25,dave_dasson,"#amazon 
Chez Amazon, on peut désormais payer avec la paume de la main",1.3111101166038426e+18
20,2020-09-30 01:14:12,GhettoOrgan,"""米 #Amazon.comは29日、手のひら認証技術「Amazon One」を発表した。端末にかざすだけで決済の手続きができる。クレジットカードとひも付け、店舗での支払いを迅速化する。米国で2018年から展開するレジなしコンビニで導入し、他企業にも提供する"" #個人情報保護 https://t.co/B7in56DyBd",1.3111120752388096e+18
21,2020-09-30 01:12:04,Viking_King21,"Check out amazing pirate fantasy series from this amazing Author.
Available on Amazon, Barnes &amp; Noble, Good Reads.
Author Link: https://t.co/O74nqoXWvV
@irishvixen21

#WritingCommunity #writerslift #PirateVixenSeries #Pirates #Ebook #Amazon #BarnesandNoble #Goodreads #iTunes https://t.co/5DPYdWrSV3",1.3111115368914985e+18
22,2020-09-30 01:08:20,XperienceDope,"Blasting Chef Sean, Siya - No Name (Club) right now on Pretty Dope Xperience Radio aka #BlackPandora

listen now and catch a wave!! https://t.co/VqKFopeoex  #nowplaying #np #RT  #NowStreaming #Streema Download Now #Alexa #GooglePlay #iOSAppStore #Amazon #",1.3111105975520707e+18
23,2020-09-30 01:10:36,rakten_kaden_,"09/30 10:10

玄米専用低温貯蔵庫　LHR-14　(7俵タイプ/1
【楽天】108900円
【Amazon】109780円

★楽天で購入すると★
 880円 お得（お得率1％）

↓お得な情報を一覧で確認出来るサイト
https://t.co/kMQYxgL6Rh

#楽天市場 #Amazon #お得 #せどり https://t.co/QYi6MJAAvq",1.3111111703722394e+18
24,2020-09-30 01:08:19,mam62494,"Super appreciative of everyone who has already helped; I love #retweets! @Raiders #RaiderNation #LasVegasRaiders #LasVegas @NFL #NFL 

👩‍🏫@TpT_Official #ClassFund https://t.co/4cipSrIT4u

📃#Amazon #wishlist
https://t.co/JkuLXG7vvt

📚@Scholastic #campaign https://t.co/v2l9E1jSuA",1.3111105935589253e+18
25,2020-09-30 01:12:00,Haidji,"Book Quote: ""We all look different but we are all the same."" Click on  https://t.co/AKncdMZZ2X #equality #blm #quoteoftheday #quotes #kindleunlimited #bookquotes #read #ebook #ku #paperback #amazon  #inspiration #haidji #goodreads #books #read #reading #booklovers #book https://t.co/FxDKDfuCNi",1.31111151984597e+18
26,2020-09-30 01:06:43,Chencha38198867,"子供用デジタルカメラ トイカメラ 子供のおもちゃ 1200万画素 1080P録画 IPS画面 高画質 写真 連写 タイマー撮影 多機能 USB充電 知育 教育 男女兼用 （32GSDカート付き） (ピンク)（6歳以上）
元値:1999円
#レビュー募集 #アマゾンレビュー #全額返金 #無料 #副業 #懸賞 #Amazon #ギフト券 #ペイパル https://t.co/w4qo2zsFBm",1.311110190264021e+18
27,2020-09-30 01:07:23,kimura_books,話題のライトノベル！ '俺の○がこんなに可愛いわけがない (https://t.co/rwaNA4UlII)' #books #amazon,1.3111103607876362e+18
28,2020-09-30 01:09:53,idolcalendar,"【2020/10/1発売】【ヤングチャンピオンデジグラ】似鳥沙也加「ヤバい女…！？」 Kindle版

#Kindle版 #似鳥沙也加
#idol #アイドル #写真集 #kindle #amazon
https://t.co/9MdQCTzmdt",1.3111109900171756e+18
29,2020-09-30 01:07:22,suzupaku_07,"#Amazon
#サイクルジャージ
無メーカー
SHIMANOかと思った…
#ブログ

https://t.co/sbJNOt4BPw #r_blog",1.3111103565891133e+18
30,2020-09-30 01:06:19,hidesan_tv,"#おすすめ #売れ筋 #ベストセラー #子供 #プレゼント #おもちゃ #ゲーム #フィギュア #ブレイブボード #エヴァっち #きめつたまごっち #Amazon #楽天 #楽天ROOM🌈
BANDAI の 汎用卵型決戦兵器 エヴァっち 試験初号機モデル を Amazon でチェック！ https://t.co/KKwbgAm8fi @amazonより",1.3111100888624783e+18
31,2020-09-30 01:13:02,idolcalendar,"【2020/9/30発売】【デジタル限定】本仮屋ユイカ アザーカット写真集 『 MY SELF 』 (ワニブックス デジタル写真集) Kindle版

#Kindle版 #本仮屋ユイカ
#idol #アイドル #写真集 #kindle #amazon
https://t.co/wVMaTGpJtW",1.311111781398401e+18
32,2020-09-30 01:12:42,humbleplant,残り8点。外山滋比古『日本の英語、英文学』研究社　https://t.co/sc3Zn0KfVl #Amazon,1.3111116969922314e+18
33,2020-09-30 01:06:43,TheDreamAvenger,"@AWillsWrites TYFF #TheDreamAvenger Alyssa, #author #reader, free woman. I write erotica and romance. Check out my stuff on #Amazon at https://t.co/mRGok7GrR6

#USA 

https://t.co/r1wIlrZlnF…",1.3111101918076396e+18
34,2020-09-30 01:06:21,slidurgaming,"#warzone #nhl20 &amp; #amazon #giftcard #Giveaways!
Only on #twitch!

https://t.co/1AU1tVkdPy

#gamer #gaming #gamers #twitchstreamer #smallstreamer #SmallStreamerCommunity #callofduty #ModernWarfare #cod #hockey #livestream #STREAM #streaming #streamer #twitchsports #esports #hockey https://t.co/HF6dPu97Uf",1.311110097393922e+18
35,2020-09-30 01:08:03,INDIEBOOKSOURCE,"A MENTOR &amp; HER MUSE
https://t.co/rT5tijUF8H
AUTHOR SUSAN SAGE
#Books #IARTG #Kindle #Amazon #ReadIndie #indieauthors #ian1 #AuthorUpRoar  #Authors  @SusanSage https://t.co/NQOZ1YGlTH",1.3111105258085212e+18
36,2020-09-30 01:08:04,idolcalendar,"【2020/10/2発売】中村知世写真集『LOVE GAME』complete Kindle版

#Kindle版 #中村知世
#idol #アイドル #写真集 #kindle #amazon
https://t.co/Y4kVGhnWGL",1.3111105296545628e+18
37,2020-09-30 01:09:11,DealVibes,"Ring Fit Nintendo Switch back up!

https://t.co/UzYphKE0ck

Follow @DealVibes for your #ps5 - #xboxseriesx - #nintendo stock alerts!

#gooddeal #outofstock #tips #stockalert #blackfriday #restock #ebay #amazon #sony #playstation #holiday #deals",1.3111108139611832e+18
38,2020-09-30 01:09:53,sheffdeals,"All-new Fire HD 8, 32 GB (2020) for $89.99

Click Link Below👇
https://t.co/VNhYyK0IrT

#deals #amazon #amazonprime #PresidentialDebate2020 #Debates2020 #debates #BlackTechTwitter #techtwitter #technology #tech #Apple #sheffdeals https://t.co/iqB51ahCws",1.3111109866198508e+18
39,2020-09-30 01:11:53,XperienceDope,"Blasting Baby Bash, Sean Kingston - What Is It (Club) right now on Pretty Dope Xperience Radio aka #BlackPandora

listen now and catch a wave!! https://t.co/VqKFopeoex  #nowplaying #np #RT  #NowStreaming #Streema Download Now #Alexa #GooglePlay #iOSAppStore #Amazon #",1.3111114912575406e+18
40,2020-09-30 01:14:12,iptvtools,Meridian Point Jumbo - Dados de madera con bolsa de transporte #TenGrand https://t.co/vh0vWvAsCb #Amazon,1.311112076543361e+18
41,2020-09-30 01:08:51,cashrileyjr,"We’ve come to far to stop now!#keepmoving
....
...
..
.
#entrepreneur #cashisking #kingofpowder #amazon #walmart #themachine #father #husband #focus #runner #running #triathlete #wow #godbless #winning #stop #bekind https://t.co/3JvjbJUtea",1.3111107296558735e+18
42,2020-09-30 01:13:33,sheffdeals,"All-new Fire HD 8, 32 GB (2020) for $89.99

Click Link Below👇
https://t.co/VNhYyK0IrT

#deals #amazon #amazonprime #PresidentialDebate2020 #Debates2020 #debates #BlackTechTwitter #techtwitter #technology #tech #Apple #sheffdeals https://t.co/aMPQMc8dGg",1.3111119108682957e+18
43,2020-09-30 01:10:09,CoolDealCA,"Too many SNKRS wins? 👟

10 Tiers Shoe Rack only $26.99!!

#freebies #deals #deal #moneysaver #greatdeal #steals #discount #sale #bargain #bargainhunter #bargainshopper #cheap #bestprice #Amazon  #Deals #giveaway #Deal #ganga

 https://t.co/jItpQKzriQ https://t.co/ZfBulu3aJw",1.311111056333435e+18
44,2020-09-30 01:08:03,LindaAbbott55,"""I was drawn into the characters' conflicts, demons and relationships.""
⛱ TEN DAYS IN PARADISE ⛱
https://t.co/4dfOY0aBJq
#Audiobook #Audible #KindleUnlimited 🌊🌊
#BeachRead #WomensFiction #FamilyLife 
#BoomerLit #Amazon #AmazonPrime 
#Kindle #Ebook #Paperback 🌴🌊🌞 https://t.co/mGAx9wBN2m",1.3111105276959416e+18
45,2020-09-30 01:08:03,hidesan_tv,"#おすすめ #売れ筋 #ベストセラー #子供 #プレゼント #おもちゃ #ゲーム #フィギュア #ブレイブボード #エヴァっち #きめつたまごっち #Amazon #楽天 #楽天ROOM🌈
BANDAI の 汎用卵型決戦兵器 エヴァっち レイモデル を Amazon でチェック！ https://t.co/8fzm315pfr @amazonより",1.3111105255524844e+18
46,2020-09-30 01:11:03,idolcalendar,"【2020/10/1発売】【ヤングチャンピオンデジグラ】えなこ「画面から飛び出した えなこりん！」 Kindle版

#Kindle版 #えなこ
#idol #アイドル #写真集 #kindle #amazon
https://t.co/gPwxze047k",1.3111112814541865e+18
47,2020-09-30 01:06:43,CoolDealCA,"💲💰
Progress Lighting P2005-20 Bat...
Reduced from $21.00 to $12.00

# #Deals #new #Deals #Amazon  #Deal #ganga

 https://t.co/UT5ZrAWNRg https://t.co/F7h2pm7nGJ",1.3111101892701348e+18
48,2020-09-30 01:08:09,Alexand84634250,"Une petite beauté pour la nouvelle édition du tome 1 avec une toute nouvelle couverture🤩
Déjà disdpo sur Amazon.. 
#maklyron #auteure #auteur #sirene #mermaids #livre #book #Roman #fantastique #Amazon #alexandre https://t.co/ZUEsZMTqaD",1.311110553826472e+18
49,2020-09-30 01:14:15,Gabriel22Josue,"Que esse episódio piloto seja aprovado e que começem a dar continuidade ao resto das gravações. E que esse rumor da serie só em 2022 seja falso. Hahahaha hahahaha hahahaha hahahaha hahahaha hahahaha 
 #OSenhorDosAneis #TheLordOftheRings #AmazonPrime #Serie #LOTRonPrime #Amazon https://t.co/icHlH81bvN",1.311112085267456e+18
,date,screen_name,tweet,tweet_id
0,2020-09-30 01:03:29,cycle_okb,Amazon 出品中。要点解説付き わかる！使える！実用ギター・コード Amazon最安値更新中!! 限定1点 https://t.co/Vn5pAPbXV2 #guitar #music #amazon,1.3111093764012605e+18
1,2020-09-30 01:05:04,SearchConSEO,Did you know there are organic reports in #Amazon that can help you find valuable opportunities for your paid ads? Learn how to find them with @TannerSchroeder during his session on Amazon Advertising. https://t.co/HRAdCwH3JT https://t.co/qbpFaOFXzI,1.3111097739417887e+18
2,2020-09-30 01:00:45,iPhoone3G,#Amazon 売れ筋ランキング https://t.co/GFiiOtPDnG,1.3111086908422717e+18
3,2020-09-30 01:02:24,jerumball,First Microsoft Azure last night now Apple.... something is afoot! #apple #microsoft  At least #amazon is still running so I can watch #TheBoys,1.3111091030125158e+18
4,2020-09-30 01:04:29,DuPaschoal,"Esqueçam a netflix..Netflix vai aumentar e a mensalidade vai ficar mais cara.

 Assinem a #AMAZON PRIME
Séries, filmes e ebook por R$ 9,90 por mês 9,90!!!!!

Teste #grátis por 30 dias https://t.co/PKqcgnqfGt",1.3111096299764736e+18
5,2020-09-30 01:02:58,rus_zanas,"【明日オープン】しまむら、初の自社ECサイト 毎週50種超の新作販売、店舗受取にも対応https://t.co/Ftdw5wyB1X

#EC
#ネットショップ
#運営代行
#コンサル
#広告運用
#サイト構築
#マーケティング
#SEO対策
#しまむら
#しまパト
#楽天
#Yahoo
#aupayマーケット
#Amazon",1.3111092489866568e+18
6,2020-09-30 01:03:58,henjin_desuga,ゲーム&amp;ウオッチ スーパーマリオブラザーズ (【https://t.co/1HXTN34kdg限定】ゲーム&amp;ウオッチ オリジナルピンズ 同梱) https://t.co/VWzONaGLzY #Amazon,1.311109499432784e+18
7,2020-09-30 01:00:51,CoolDealCA,"RUNMUS #Gaming #Headset for $25.64!! (Retail: $42.99)

#freebies #deals #deal #moneysaver #greatdeal #steals #discount #sale #bargain #bargainhunter #bargainshopper #cheap #bestprice #Amazon  #Deals #giveaway #Deal #ganga

 https://t.co/goyygBkzkl https://t.co/lurtj9eksH",1.3111087129548227e+18
8,2020-09-30 01:00:50,quixote77,"Decision, Discipline, and Discipleship - Get New Book on #Amazon- Read the intro. Add your review https://t.co/phltJUNyva",1.3111087116209807e+18
9,2020-09-30 01:05:17,DDMexico,"#Espectaculos #Cine #Amazon #Borat 
🟣👉Luego de confirmarse que la segunda parte de ""Borat"", cinta📽️ protagonizada por Sacha Baron Cohen, ya estaba filmada, ahora revelan la plataforma en la que estará disponible💻😱🟣 https://t.co/xF6MQ2HBLr",1.3111098319320842e+18
10,2020-09-30 01:01:25,XperienceDope,"Blasting Prettydopesubmissions@gmail.com - Send us your music right now on Pretty Dope Xperience Radio aka #BlackPandora

listen now and catch a wave!! https://t.co/VqKFopeoex  #nowplaying #np #RT  #NowStreaming #Streema Download Now #Alexa #GooglePlay #iOSAppStore #Amazon #",1.3111088594659574e+18
11,2020-09-30 01:01:54,lafvYvnOxwjpkCf,ギフト券の仲介サイト「ベテルギフト」が規約違反とのこと。 Amazonは規約違反の一点張り、ベテルギフトはAmazonに言ってくれ（弊社は知らん）の板挟みで泣き寝入り。没収される人も多く大損します。#ベテルギフト #株式会社ノア商社 #Amazon #Amazonギフト券,1.3111089801150382e+18
12,2020-09-30 01:05:01,Book_Banquet,"We publish a variety of interesting #books listed on #amazon: #Architecture #Art #Biographies #Cooking #Health #Mathematics #Music #Nature #Politics #Religion and a variety of class-room tested books for #children.
Visit ➡️ https://t.co/e1FKlySzEr
#readers @WParksPublisher",1.311109763422466e+18
13,2020-09-30 01:03:17,INTsushinsha,"『保育士がたりない！: 待機児童問題が突きつけた日本の現実』【Kindle版】
https://t.co/kD9O78eUcd #Kindle #Amazon #電子ブック",1.311109325700526e+18
14,2020-09-30 01:04:24,Radar24rd,"Amazon presenta un sistema que permite pagar con la palma de la mano

#Radar24RD #Radar24h #RD #Noticias #News #Amazon #Tecnologia #Tecnología #technology 

https://t.co/fKhIezowNI",1.3111096064422298e+18
15,2020-09-30 01:03:18,tenbaida,"【ビジネス鞄】

利益＋4000円✨

＃Amazon ＃楽天 ＃メルカリ ＃ラクマ ＃副業 ＃成り上がり ＃会社 ＃起業 ＃転職 ＃転売 ＃物販 https://t.co/joepyLSP5I https://t.co/z3numw9qYj",1.3111093298237153e+18
16,2020-09-30 01:04:20,hidesan_tv,"#おすすめ #売れ筋 #ベストセラー #ヘッドセット #ウェブカメラ #スピーカーフォン #テレワーク #在宅勤務 #テレビ会議 #Amazon #楽天 #楽天ROOM🌈
eMeet の USBスピーカーフォン eMeet 会議用マイクスピーカー 遠隔会議用 最大10人を Amazon でチェック！ https://t.co/UZcTOZAuCk @amazonより",1.311109592672133e+18
17,2020-09-30 01:04:22,idolcalendar,"【2020/10/2発売】小山玲奈 自撮り写真集 グラビア学園 Kindle版

#Kindle版 #小山玲奈
#idol #アイドル #写真集 #kindle #amazon
https://t.co/Lpb8QVd0Tf",1.311109601090175e+18
18,2020-09-30 01:01:35,idolcalendar,"【2020/10/2発売】鶴祀眞歩 自撮り写真集 グラビア学園 Kindle版

#Kindle版 #鶴祀眞歩
#idol #アイドル #写真集 #kindle #amazon
https://t.co/Qav74iz3sh",1.3111088995341148e+18
19,2020-09-03 18:26:48,LenovoLegion,"Lenovo Legion x @PlayApex
Now is your chance to rise above the rest. 
Unmatched performance, purposeful engineering, modern design.
Gear up with a machine as savage as you are.
Stylish outside.
Savage inside.",1.301587465258578e+18
20,2020-09-30 01:05:32,__X__Y__Z,"肉体的にも精神的にも体調不良で、つぶやき自粛中… 元気出た(*´ω｀*)
#中島愛
#まめぐ
#FULLOFLOVE
#Amazon
#ランカ・リー
#ランカちゃん
#歌マクロス https://t.co/0YY82WgDyT",1.3111098952157757e+18
21,2020-09-30 01:03:22,hidesan_tv,"#おすすめ #売れ筋 #ベストセラー #ヘッドセット #ウェブカメラ #スピーカーフォン #テレワーク #在宅勤務 #テレビ会議 #Amazon #楽天 #楽天ROOM🌈
Logicool(ロジクール) の ロジクール ウェブカメラ C270n ブラック HD 720P ウェを Amazon でチェック！ https://t.co/Oa0myY9S9C @amazonより",1.3111093499477484e+18
22,2020-09-30 01:05:36,rakten_kaden_,"09/30 10:05

トレビーノ　カートリッジセット　STCT2J−Z　
【楽天】3239円
【Amazon】3450円

★楽天で購入すると★
 211円 お得（お得率7％）

↓お得な情報を一覧で確認出来るサイト
https://t.co/kMQYxgL6Rh

#楽天市場 #Amazon #お得 #せどり https://t.co/y6lYeGeANV",1.3111099103864914e+18
23,2020-09-30 01:03:01,idolcalendar,"【2020/10/2発売】桜田なな 自撮り写真集 グラビア学園 Kindle版

#Kindle版 #桜田なな
#idol #アイドル #写真集 #kindle #amazon
https://t.co/fGX1UWqG3S",1.311109260961489e+18
24,2020-09-30 01:02:55,AmazonAlexaTips,"Coming soon: Alexa users can delete everything #Alexa has heard with one command, ""Alexa, delete everything I've ever said."" 

Join us on Facebook, https://t.co/EYlm2hkyqE 

#VoiceFirst #Amazon #Technology #Tech #Voice https://t.co/scc1LBSJAO",1.311109236013691e+18
25,2020-09-30 01:02:19,hidesan_tv,"#おすすめ #売れ筋 #ベストセラー #ヘッドセット #ウェブカメラ #スピーカーフォン #テレワーク #在宅勤務 #テレビ会議 #Amazon #楽天 #楽天ROOM🌈
Logicool(ロジクール) の ロジクール ヘッドセット H111r ステレオ 3.5mm接続 ノイズを Amazon でチェック！ https://t.co/JQpm7xHEyL @amazonより",1.3111090854424494e+18
26,2020-09-30 01:05:27,kana_ogawa,"【観葉植物】ベスト10
暮らしの図鑑 グリーン 楽しむ工夫×いま取り入れたい観葉植物64×基礎知識
https://t.co/fvmNZdOm80 #Amazon",1.3111098720128573e+18
27,2020-09-30 01:05:48,kana_ogawa,"【観葉植物】ベスト10
【セラアート鉢】選べる観葉植物 6号鉢 (モンステラ, ブラック)
https://t.co/rWdSpHnN5c #Amazon",1.3111099598331986e+18
28,2020-09-30 01:03:03,WorldOfWaylon,"""If you enjoy #StephenKing or #Lovecraft, NIGHTMARE ESCAPADE is for you!"" https://t.co/BtpK14yTyc #Horror #IndieAuthor #Halloween #Amazon #Kindle #Vampire #Zombies #Thriller #Supernatural #Fantasy #Books #Ghosts #HalloweenReads",1.3111092704071885e+18
29,2020-09-30 01:00:48,yuki_nagase,"【水筒】ベスト10
象印マホービン(ZOJIRUSHI) 水筒 ステンレス マグ ボトル 直飲み 軽量 保冷 保温 ワンタッチ オープン タイプ 480ml ベージュ ゴールド SM-SE48-NZ
https://t.co/Ipg4605ZuO #Amazon",1.3111087005478912e+18
30,2020-09-30 01:01:00,mokanosuke11,"新型コロナウイルス感染拡大だからネットで買い物

ダイソン 空気清浄機能付 ファンヒーター 

#都内 #厚生労働省 #感染 #消毒 #新型 #コロナウイルス #非常事態宣言 #ステイホーム #Amazon #アマゾン #ダイソン #Dyson #空気清浄機 #ファンヒーター https://t.co/GPTLgORVw3",1.3111087517101916e+18
31,2020-09-30 01:05:00,kana_ogawa,"【観葉植物】ベスト10
ガジュマル陶器鉢植え(ホワイト)
https://t.co/0b6vpDc3UX #Amazon",1.3111097612579758e+18
32,2020-09-30 01:00:59,Libreria_Mundo,"ENTRA GRATIS A LA PRIMERA CLASE AQUI=== https://t.co/NuZ0nXii09 AL ENTRAR, PINCHAR DONDE DICE: ""VISTA PREVIA DE ESTE CURSO"". ALLÍ PODRÁS VER LA PROMO Y DISFRUTAR DE LA PRIMERA CLASE GRATIS . ENTRA AQUÍ ==)) https://t.co/3MsUTsgUJK #Libros #amazon #ebook #novela #escritor #kdp https://t.co/DP7I4WE4mK",1.3111087488203162e+18
33,2020-09-30 01:05:16,kana_ogawa,"【観葉植物】ベスト10
DORIS 人工観葉植物 高さ約107cm 簡単世話いらず 水やり不要 陶器鉢 パキラ M
https://t.co/KDrGGvBPAz #Amazon",1.311109827792257e+18
34,2020-09-30 01:05:19,huyuko999,"figma ブレザーbody [リョウ] ノンスケール ABS&amp;PVC製 塗装済み可動フィギュア https://t.co/UchXhzK8NO #Amazon
なんか既視感のあるデザインなんだけど何だろ……",1.3111098403458621e+18
35,2020-09-30 01:05:32,kana_ogawa,"【観葉植物】ベスト10
Hairui ストリングライト 45LED イルミネーション 枝 電池式 ブランチ オーリブ 観葉植物 60cm 卓上 省エネ フェイクグリーン おしゃれ
https://t.co/c7XKgMuGTN #Amazon",1.3111098939364434e+18
36,2020-09-30 01:05:11,kana_ogawa,"【観葉植物】ベスト10
プレミアム【銀配合光触媒】観葉植物 フェイクグリーン 空気清浄 消臭 脱臭 室内 インテリア おしゃれ「リアル シマトネリコ 2本立 110cm（白丸ポット＋ヤシの繊維）」NO3545（B90：西）
https://t.co/s3TitE3nFP #Amazon",1.3111098055708467e+18
37,2020-09-30 01:05:43,kana_ogawa,"【観葉植物】ベスト10
リアル フェイクグリーン 人工 観葉植物 造花 グリーン インテリア 在宅 おしゃれ 風水 小さめ 観葉植物 玄関 棚 寝室 子供部屋 トイレ「スパイラル フィカス・ベンジャミン 40cm（白陶器）」NO80050
https://t.co/fcB2XKywJy #Amazon",1.311109937846653e+18
38,2020-09-30 01:05:39,PAYTERPAYTER,"お客様に代わり弊社が商品を購入いたします！
お客様のお支払いは後払いでOK！
詳細はLINEの友達追加から！
https://t.co/QKC06Xd7Wt
#買物代行 #後払い #あと払い #つけ払い #JCBプレモ #Amazon #iTunes #即日 #現金化 #土日祝",1.3111099245297336e+18
39,2020-09-30 01:05:00,mokanosuke11,"新型コロナウイルスだからお家で食事 

広島県産　特大剥き牡蠣

#新型 #コロナウイルス #感染 #消毒 #ステイホーム #お家時間 #食べ物 #お取り寄せグルメ #美味しい #Amazon #アマゾン #牡蠣 #鍋 #広島 https://t.co/1cDcixJz2z",1.311109758489944e+18
40,2020-09-30 01:01:10,AmazonCoin_io,"AmazonCoin ⬇
$AMA ➡ $0,0179

👉👉 https://t.co/GydSZXKIno 🌿

#amazoncoin #amazon #nature #decentralized #green #cryptocurrencies #cryptocurrency #crypto #defi #dex #cryptonews #ethereum #ether #eth #blockchain #coin #token #ico #tokensale #startup #bitcoin  #btc $BTC $ETH https://t.co/XUlGYmxzEJ",1.3111087959475077e+18
41,2020-09-30 01:05:37,kana_ogawa,"【観葉植物】ベスト10
観葉植物 光触媒 キレイな空気を実感 人工観葉植物 フェイクグリーン
https://t.co/AbEFtT7Kol #Amazon",1.3111099159984701e+18
42,2020-09-30 01:03:49,zorbivore,"Last Chance! Would you like to win a $50 Amazon Gift Card or PayPal Deposit? Check out this easy entry Gleam giveaway for a chance to #WIN

Open Worldwide

@GooseGiveaways #wingiftcard #wincash #amazon #paypal #winmoney #sweepstakes #giveaways https://t.co/rg6mIJ86Ik",1.3111094622714225e+18
43,2020-09-30 01:05:22,kana_ogawa,"【観葉植物】ベスト10
かわいい まあるい光触媒 ユーカリ/ファンシェイプ/エアプランツ
https://t.co/A4q6VAL14C #Amazon",1.3111098497998234e+18
44,2020-09-30 01:01:10,MohaiExperiment,"""The brightest darkness""
- #iTunes store: https://t.co/su1juy97vt
- #Amazon store: https://t.co/tJ0K6WUWqX
- #BandCamp : https://t.co/ItQP1lQwUk",1.3111087962578903e+18
45,2020-09-30 01:05:00,Trisha_McNary,"#Read #supernatural and more #ebooks #FREE:
#sciencefiction #supernaturalromance #ebook #readers #amazonUK #amazon #ebookdeals #KDP #kindle #iartg #kindlebooks #SupportIA #goodreads #ADP #freebooks #freestory #adventure #paranormal #kindleunlimited

CLICK🡺https://t.co/i7q9JoCDz6",1.3111097584981688e+18
46,2020-09-30 01:01:12,deana_dietrich,Whoa! It’s a $25 #AMAZON #GIFTCARD #GIVEAWAY !!! #FREEBOOKS #AMREADING https://t.co/um7glXKBGM,1.311108803979604e+18
47,2020-09-30 01:04:21,VfGoaBCrLiInilf,"アマゾンデバイスで快適なアマゾン生活！
2020年9月30日10時のアマゾンデバイスランキングをチェック！

 こちらをクリック！
 https://t.co/IYp86C3bGt 

#アマゾン #プライム #ガジェット #ランキング #amazon #firetvstick #FireTabet #Kindle #Echo #Alexa #Echoshow",1.311109594752508e+18
48,2020-09-30 01:05:06,kana_ogawa,"【観葉植物】ベスト10
不二貿易 観葉植物 フィカス A 高さ150cm グリーン 52661
https://t.co/DnGPzYqTUw #Amazon",1.3111097833913672e+18
49,2020-09-30 01:01:54,McAfeeMafia,I am SO tired of my wife's WAP..... (Weekly Amazon Packages) #forthebrand #amazon #Debates2020 #WapChallenge #amazonprime @amazon #COVID19,1.311108978320048e+18
,date,screen_name,tweet,tweet_id
0,2020-09-30 01:00:01,yuki_nagase,"【水筒】ベスト10
タイガー 水筒 1.2リットル サハラ ステンレスボトル スポーツ 直飲み 広口 保冷専用 ブラック MME-F120KK
https://t.co/qYU2VGX6nA #Amazon",1.31110850321852e+18
1,2020-09-30 01:00:23,2XaHbsoh4uzMhz9,"面白いゲーム探してませんか？
2020年9月30日10時の最新ゲーム・ハード売り上げランキングは？

 こちらをチェック↓
 https://t.co/J6jdP6fzKS 

#Amazon #ゲーム #ランキング #PS5 #PS4 #switch #Xbox #任天堂",1.3111085981859594e+18
2,2020-09-30 01:00:22,shinchaku,【発売日：2020/09/04】僕のヒーローアカデミア 28 (ジャンプコミックスDIGITAL)  https://t.co/Dx6p1lY6sI #amazon,1.3111085931403387e+18
3,2020-09-30 01:00:22,shinchaku,【発売日：2020/09/18】会社四季報 2020年4集秋号 [雑誌]  https://t.co/30pfVchUOZ #amazon,1.3111085943482327e+18
4,2020-09-30 00:58:01,hidesan_tv,"#おすすめ #売れ筋 #ベストセラー #マスク #消毒 #体温計 #うがい薬 #防犯 #防災 #新型コロナウイルス #熱中症 #Amazon #楽天 #楽天ROOM🌈
MOTEDO の 正規品 motedo 防犯スプレー TG-2508 護身用 コンパクト (1本) を Amazon でチェック！ https://t.co/oxXZXU7ImT @amazonより",1.3111080029722337e+18
5,2020-09-30 00:56:30,sheffdeals,"💥DON'T MISS AMAZON PRIME DAY💥

SIGN UP FOR AMAZON PRIME FREE TRIAL TODAY!

Trial last for 30 days - Prime Day Oct 13-14th

Click Link Below👇
https://t.co/uVmStlUeMJ

#deals #PresidentialDebate2020 #Debates2020 #debates #technology #amazon #developers #techtwitter #sheffdeals https://t.co/F4t0UanSMo",1.311107619990524e+18
6,2020-09-30 01:00:32,yuki_nagase,"【水筒】ベスト10
FJbottle ステンレスボトル 真空断熱 保温保冷 水筒 第2世代 直飲み 1リットル スポーツボトル 漏れなし 魔法瓶 ウォーターボトル アウトドア 遠足 登山 釣り 自転車 運動 ブルー
https://t.co/N0ulGHyxJ8 #Amazon",1.311108634743464e+18
7,2020-09-30 00:57:25,hidesan_tv,"#おすすめ #売れ筋 #ベストセラー #マスク #消毒 #体温計 #うがい薬 #防犯 #防災 #新型コロナウイルス #熱中症 #Amazon #楽天 #楽天ROOM🌈
イソジン の 【指定医薬部外品】イソジンクリアうがい薬A アップル風味 200ML (のど・お口の殺菌を Amazon でチェック！ https://t.co/XnDJSSU2t7 @amazonより",1.3111078517843927e+18
8,2020-09-30 01:00:16,yuki_nagase,"【水筒】ベスト10
タイガー魔法瓶(TIGER) マグボトル グラファイト 600ml MMZ-A602KG
https://t.co/U7TM5KfODx #Amazon",1.3111085689725542e+18
9,2020-09-30 00:57:50,XperienceDope,"Blasting Macc Milliaon ft. Rich Jame$ - My Fault right now on Pretty Dope Xperience Radio aka #BlackPandora

listen now and catch a wave!! https://t.co/VqKFopeoex  #nowplaying #np #RT  #NowStreaming #Streema Download Now #Alexa #GooglePlay #iOSAppStore #Amazon #",1.3111079567218156e+18
10,2020-09-30 00:57:40,sheffdeals,"💥AMAZON PRIME MEMBERS!💥

GET TWO Echo Dot (3rd Gen) for $39.98

Click Link Below👇
https://t.co/vahFlURcJr

Use Coupon at checkout - DOTPRIME2PK

#deals #Amazon #PresidentialDebate2020 #Debates2020 #debates #AmazonDeals #PrimeDay2020 #BlackTechTwitter #techtwitter #sheffdeals https://t.co/LvNrdRZNIp",1.311107913205928e+18
11,2020-09-30 01:00:03,YabRock,1980X / #PANTA &amp; HAL https://t.co/20xaJuKxNx #頭脳警察 #Punk #JRock #アマゾン #Amazon #AmazonJP,1.311108513683239e+18
12,2020-09-30 00:58:48,idolcalendar,"【2020/10/3発売】いとうあこデジタル写真集 Ola!【Amazon限定解禁】 (BPP) Kindle版

#Kindle版 #いとうあこ
#idol #アイドル #写真集 #kindle #amazon
https://t.co/FSqmXstdW5",1.3111081982632223e+18
13,2020-09-30 00:58:31,cicada456,"【任天堂Switch 速報】
昨日はAmazonで、定価のスイッチ復活！
今日はあつ森！？

あつ森セット
https://t.co/fwNnpkVeQt
ネオン
https://t.co/ztnKq3pxOZ
グレー
https://t.co/CfDI31ZUN8
リングフィット
https://t.co/mT5uenuQPs

#Amazon 
入荷
#ゲーム実況
在庫
モンハン
ps5
抽選",1.3111081256556134e+18
14,2020-09-30 01:00:36,rakten_kaden_,"09/30 10:00

（納期目安：1.5ヶ月〜）シャープ 【右開き】7．
【楽天】139800円
【Amazon】264280円

★楽天で購入すると★
 124480円 お得（お得率89％）

↓お得な情報を一覧で確認出来るサイト
https://t.co/kMQYxgL6Rh

#楽天市場 #Amazon #お得 #せどり https://t.co/W9Z6809eOY",1.3111086505098527e+18
15,2020-09-30 01:00:14,StayHomeStitch,"~Double Seed Stitch Dishcloth Knit Pattern~
https://t.co/L1Aog89KBs

#stayathomestitchings #knit #dishcloth #pattern #knitpattern #knitpicks #cotton #yarnspirations #darngoodyarn #yarn #amazon #lionbrand #kitchen #lovecrafts #ilovecrochet #iloveknitting #crochet #knitcrate annies https://t.co/1U0aIs5VBO",1.3111085616243548e+18
16,2020-09-30 00:59:34,amyd16323,GIVEAWAY! Enter to #win a $10 #Amazon gift card? Go enter the #giveaway daily for your chance to win from @thatsjustjeni Go enter   https://t.co/sVnqv09ryZ,1.31110839274487e+18
17,2020-09-30 00:57:19,original_sindy,"@jbharrisbooks If you want to taste the apple and let the words you read lead to an orgasm, then read my work.
🍎🐍🍏

You can find 3 of my #erotica #shortstories on #Amazon for just $0.99 to #download or #FREE on #KindleUnlimited 
#Erotica #shortstories 
https://t.co/dNvtvD9noc",1.3111078263039427e+18
18,2020-09-30 00:57:44,CRay_USA,"@AOC says the person who killed around 25,000 well paying jobs by pushing out #Amazon",1.3111079306626007e+18
19,2020-09-30 00:56:56,idolcalendar,"【2020/10/10発売】伊藤しほ乃デジタル写真集 もしも美女インストラクターの自宅トレをこっそりのぞいたら…【Amazon限定解禁】 (BPP) Kindle版

#Kindle版 #伊藤しほ乃
#idol #アイドル #写真集 #kindle #amazon
https://t.co/A9RlP6rfyl",1.311107728983511e+18
20,2020-09-30 01:00:27,shinchaku,【発売日：2020/09/04】血界戦線 Back 2 Back 8 (ジャンプコミックスDIGITAL)  https://t.co/XygCdP3D06 #amazon,1.3111086151981998e+18
21,2020-09-30 01:00:21,yuki_nagase,"【水筒】ベスト10
サーモス 水筒 真空断熱スポーツジャグ ブラックレッド 2.5L FFV-2500 BKR
https://t.co/isRTCVoaCW #Amazon",1.3111085907997368e+18
22,2020-09-30 01:00:21,musicalbumrevi,"Fleet Foxes - Shore Music Album Reviews https://t.co/AdZQiKtm5r September 30, 2020 at 06:30AM #Country, Folk, Music Album Reviews #blogger #2k20 #blog #MusicAlbumReviews #amazon",1.3111085902965391e+18
23,2020-09-30 00:59:02,hidesan_tv,"#おすすめ #売れ筋 #ベストセラー #マスク #消毒 #体温計 #うがい薬 #防犯 #防災 #新型コロナウイルス #熱中症 #Amazon #楽天 #楽天ROOM🌈
heimvision の HeimVision ネットワークWIFIカメラ 300万画素 ペット監視カメラ 子供/ペット/老人を Amazon でチェック！ https://t.co/nltHNBw3LJ @amazonより",1.311108258111783e+18
24,2020-09-30 00:59:39,David87499581,"Another #shooting and death at #amazon in Jacksonville, Fl. Again #JeffBezos doesn't seem to care about the safety of his employees and fails to secure this facility at Jax 2",1.3111084108642714e+18
25,2020-09-30 01:00:26,shinchaku,【発売日：2020/09/23】GIANT KILLING(56) (モーニング KC)  https://t.co/puaJFAAiGQ #amazon,1.3111086116497367e+18
26,2020-09-30 01:00:20,shinchaku,【発売日：2020/09/09】わたしの幸せな結婚 2巻通常版【デジタル版限定特典付き】 (デジタル版ガンガンコミックスONLINE)  https://t.co/7cOhxVMQSO #amazon,1.3111085849111224e+18
27,2020-09-30 01:00:27,yuki_nagase,"【水筒】ベスト10
サーモス 水筒 真空断熱スポーツボトル ブラックカモフラージュ 1.5L FHT-1500F BK-C
https://t.co/qIcuocgNlM #Amazon",1.3111086126730322e+18
28,2020-09-30 01:00:11,hidesan_tv,"#おすすめ #売れ筋 #ベストセラー #マスク #消毒 #体温計 #うがい薬 #防犯 #防災 #新型コロナウイルス #熱中症 #Amazon #楽天 #楽天ROOM🌈
山善(YAMAZEN) の [山善] 防災リュック 30点 セット 【防災士監修】 一次避難用 給を Amazon でチェック！ https://t.co/qaUot8Ygpt @amazonより",1.3111085477871575e+18
29,2020-09-30 01:00:17,buybooks_amazon,#BestBooks #Amazon #Leadership : THE END OF AVERAGE: HOW WE SUCCEED IN A WORLD THAT VALUES SAMENESS --&gt; https://t.co/wuSh1txuyv,1.3111085734059336e+18
30,2020-09-30 01:00:25,shinchaku,【発売日：2020/09/17】生徒会役員共（１９） (週刊少年マガジンコミックス)  https://t.co/42K7ZFQjNU #amazon,1.3111086048717046e+18
31,2020-09-30 01:00:42,yuki_nagase,"【水筒】ベスト10
サーモス 水筒 真空断熱ケータイマグ 【スクリュータイプ】 500ml ダークネイビー JNO-502 DNVY
https://t.co/rvBEPImBki #Amazon",1.3111086786116608e+18
32,2020-09-30 01:00:21,shinchaku,【発売日：2020/08/13】天皇の国史  https://t.co/GPj1lmsqLr #amazon,1.3111085906279383e+18
33,2020-09-30 01:00:23,shinchaku,【発売日：2020/09/09】わたしの幸せな結婚 2巻特装版【デジタル版限定特典付き】 (デジタル版SEコミックスプレミアム)  https://t.co/Gk6M6Uro38 #amazon,1.3111085966719508e+18
34,2020-09-30 01:00:25,shinchaku,【発売日：2020/09/23】戦闘員、派遣します！　５ (MFコミックス　アライブシリーズ)  https://t.co/ZqCbgTflWl #amazon,1.3111086061468754e+18
35,2020-09-30 00:58:44,0LvXtJjSyiXqqx3,#Amazon Prime Air’s New Delivery #Drone https://t.co/D7GwL3kAM2 через @YouTube,1.3111081827612467e+18
36,2020-09-30 01:00:19,mmcargoexpress,"🇺🇸✈️Ya no tienes que pedir favores a familiares o amigos, puedes comprar directamente en tus tiendas favoritas. Crea un casillero gratis en https://t.co/Zm6mwr2VR4

#Primeday #Amazon #Casillero #Courier #Express #Envios #Shop #Colombia #Medellin #Cali https://t.co/gugOriLMLE",1.311108579760517e+18
37,2020-09-30 00:57:30,booksupply_jp,"9月の最終日です。
明日から10月残り今年も3ヶ月となりました。
年末に向けてお部屋の整理がてら買取に出してみませんか？
意外とたかーくなるお宝商品があるかもですよ！
#ブックサプライ #booksupply  #本買取 #本 #CD買取 #DVD買取 #ブルーレイ買取 #ゲーム買取 #amazon #楽天",1.3111078700212265e+18
38,2020-09-30 01:00:37,yuki_nagase,"【水筒】ベスト10
アイリスオーヤマ 水筒 1.0L 真空断熱 保冷専用 直飲み ワンタッチオープン 男の子 子供 レッド DB-1000
https://t.co/erppvl1OQ1 #Amazon",1.3111086567299727e+18
39,2020-09-30 01:00:15,dealnarwhal,Crayola Washable Gel Pens in Jewel Tones $2.00 https://t.co/yWs7VtRUAZ at #Amazon https://t.co/ZXfl6NhMae,1.3111085631636357e+18
40,2020-09-30 01:00:24,shinchaku,【発売日：2020/09/11】ホワイトハットレポート 上巻  https://t.co/0NDecsBwWh #amazon,1.3111086012647137e+18
41,2020-09-30 00:57:29,ChrissyGuenther,"Tiny Personalized Stacking Rings, Handmade Custom Rings with Your Word, Name,... https://t.co/1sT1WdAlUS via @amazon 

#jewelry #rings #gifts #amazon",1.3111078691530752e+18
42,2020-09-30 00:58:23,sheffdeals,"💥DON'T MISS AMAZON PRIME DAY💥

SIGN UP FOR AMAZON PRIME FREE TRIAL TODAY!

Trial last for 30 days - Prime Day Oct 13-14th

Click Link Below👇
https://t.co/uVmStlUeMJ

#deals #PresidentialDebate2020 #Debates2020 #debates #technology #amazon #developers #techtwitter #sheffdeals https://t.co/gjmeeEzpz8",1.311108094135591e+18
43,2020-09-30 01:00:21,shinchaku,【発売日：2020/09/24】安田章大写真集「LIFE IS」  https://t.co/2YUKNCV8JU #amazon,1.3111085873479025e+18
44,2020-09-30 01:00:11,yuki_nagase,"【水筒】ベスト10
タイガー魔法瓶(TIGER) マグボトル ピーチブロッサム 480ml サハラ MMJ-A481-PB
https://t.co/qXEKAvfZj1 #Amazon",1.3111085470908908e+18
45,2020-09-30 01:00:06,yuki_nagase,"【水筒】ベスト10
サーモス 水筒 真空断熱ケータイマグ ワンタッチオープンタイプ カーキ 750ml JNR-751 KKI
https://t.co/fYZfGYhdMc #Amazon",1.3111085251715113e+18
46,2020-09-30 01:00:27,shinchaku,【発売日：2020/09/04】ある日、お姫様になってしまった件について　４ (ＦＬＯＳ　ＣＯＭＩＣ)  https://t.co/LAyym2i7jJ #amazon,1.3111086140027453e+18
47,2020-09-30 00:59:54,AmThrivingAfter,"Images from my ""Oceans &amp; Beaches #1 &amp; #2"" #photographybook on #Amazon https://https://t.co/pccK37f32i https://t.co/lxVvAOHYCB",1.3111084777718006e+18
48,2020-09-30 01:00:23,shinchaku,【発売日：2020/09/04】Dr.STONE 17 (ジャンプコミックスDIGITAL)  https://t.co/N2ZJ9S8rrG #amazon,1.311108598836138e+18
49,2020-09-30 00:56:24,hidesan_tv,"#おすすめ #売れ筋 #ベストセラー #マスク #消毒 #体温計 #うがい薬 #防犯 #防災 #新型コロナウイルス #熱中症 #Amazon #楽天 #楽天ROOM🌈
オムロン(OMRON) の オムロン 電子体温計 スピード検温15秒予測 けんおんくん MC-688 ホワイト を Amazon でチェック！ https://t.co/M23TI8Vw2Z @amazonより",1.3111075959150715e+18
,date,screen_name,tweet,tweet_id
0,2020-09-30 00:49:17,JanetMKnudsen,"Last Chance! Would you like to win a $50 Amazon Gift Card or PayPal Deposit? Check out this easy entry Gleam giveaway for a chance to #WIN

Open Worldwide

@GooseGiveaways #wingiftcard #wincash #amazon #paypal #winmoney #sweepstakes #giveaways https://t.co/Ab3v5J6mih",1.3111058021118403e+18
1,2020-09-30 00:55:37,802_fashionguru,"https://t.co/xzBw3E2CFo

Get the coach or coaches on your list a really cool gift from the best gifts for coaches list. 

@ShopHeavy #shopping #coaches #coach #xmas #gifts #Amazon #Christmas",1.3111073970086666e+18
2,2020-09-30 00:47:04,XperienceDope,"Blasting A Boogie Wit Da Hoodie - King Of My City (Club) right now on Pretty Dope Xperience Radio aka #BlackPandora

listen now and catch a wave!! https://t.co/VqKFopeoex  #nowplaying #np #RT  #NowStreaming #Streema Download Now #Alexa #GooglePlay #iOSAppStore #Amazon #",1.3111052465722941e+18
3,2020-09-30 00:47:59,CatBourne,"@AOC Your congressional buddies wrote the tax codes that Trump, #Pelosi and #Amazon,  etc follow. 
Why don’t you do something useful and work to change it?
Because cow farts aren’t really all that important",1.3111054764998328e+18
4,2020-09-30 00:50:35,rakten_kaden_,"09/30 09:50

【正規品 送料無料 あす楽 海外対応】クレイツイオ
【楽天】5980円
【Amazon】6061円

★楽天で購入すると★
 81円 お得（お得率1％）

↓お得な情報を一覧で確認出来るサイト
https://t.co/kMQYxgL6Rh

#楽天市場 #Amazon #お得 #せどり https://t.co/cEu5qZtShC",1.311106130471301e+18
5,2020-09-30 00:55:35,rakten_kaden_,"09/30 09:55

東レ トレビーノ 浄水器 カセッティ交換用カートリ
【楽天】3278円
【Amazon】4480円

★楽天で購入すると★
 1202円 お得（お得率37％）

↓お得な情報を一覧で確認出来るサイト
https://t.co/kMQYxgL6Rh

#楽天市場 #Amazon #お得 #せどり https://t.co/Gx8BfBIQOO",1.3111073905451295e+18
6,2020-09-30 00:49:07,WooAk4,"Here is a better look at the MCC box for this month, Marvel Zombies! Link for post (don’t click if you don’t want spoilers): https://t.co/dqmkYj5gGI #funko #marvel #marvelzombies #amazon",1.3111057601102193e+18
7,2020-09-30 00:53:00,Haidji,"Book Quote: ""Sometimes she liked to be a little bit..."" Click on  https://t.co/dtJDiKqYaD #crazy #mad #quoteoftheday #quotes #kindleunlimited #bookquotes #read #ebook #ku  #paperback #amazon  #inspiration #haidji  #books #read #reading #BookBoost #book https://t.co/7dyiKM5zSO",1.311106738171474e+18
8,2020-09-30 00:47:53,SETSUNA724,"埼玉誕生150周年☆
私が選ぶ150周年を彩る  #ロゴマーク はこれだ！
@saitama150th ではプレゼントCPを実施中！～10/12
抽選で20名に  #Amazon  #ギフト券 500円分を  #プレゼント ♪
 https://t.co/lumRynatnm",1.3111054521433416e+18
9,2020-09-30 00:47:04,MoisesRCardenas,"Del libro Duerme Sulam, un poemario erótico, amoroso y romántico. Lee este poema corto 👇💘
Deseo penetrar
mis palabras en tus pechos
y dejar fuego en tu boca.
#Amazon #LeerPoesía #Leer https://t.co/DW0v2Yxqib",1.3111052446051656e+18
10,2020-09-30 00:50:08,miriammramz,"Ya está disponible en #ebook la nueva novela de @Sparti941 ""Donde los sueños se cumplen"".                                  https://t.co/RnOvsXOjQf
#Amazon #LecturasRecomendadas https://t.co/yWLUbhMf3e",1.3111060172964372e+18
11,2020-09-30 00:52:00,StrongRadiantly,"#radiantlystrong #PresidentialDebate2020
#Amazon #rainn #WOAR #strongwomen #DivorceCourt
#Kindle #COVID19

https://t.co/QAJ1sB6awc",1.3111064875032535e+18
12,2020-09-30 00:48:28,digitalflagship,How #Amazon hid its safety crisis     https://t.co/Ui9wL8yarE,1.3111055989357036e+18
13,2020-09-30 00:52:40,bokuwatashi1,"カタカムナでめぐる聖地巡礼 https://t.co/Uedae04VIv #Amazon

#越智啓子 #吉野信子 #カタカムナ
#カタカムナでめぐる聖地巡礼",1.3111066551915438e+18
14,2020-09-30 00:48:00,guiarepuestos,Este llavero arrasa en #Amazon y con él nunca más perderás las llaves del auto #Noticias #Tecnologia https://t.co/6qj50s4ebp https://t.co/t5BbkPL3XZ,1.311105479938982e+18
15,2020-09-30 00:51:16,XperienceDope,"Blasting DaniLeigh - Lil Bebe right now on Pretty Dope Xperience Radio aka #BlackPandora

listen now and catch a wave!! https://t.co/VqKFopeoex  #nowplaying #np #RT  #NowStreaming #Streema Download Now #Alexa #GooglePlay #iOSAppStore #Amazon #",1.3111063050971914e+18
16,2020-09-30 00:50:03,LWNovels,Amazon Prime Member? Read for #FREE Wolfes #Bestseller  Alex Hoffman #rt  #Follow #Amazon #summer #mystery #ku https://t.co/dH2t3InD80,1.3111059949744742e+18
17,2020-09-30 00:49:15,mr_o_v_e_n,📊  Amazon hid its safety crisis #Amazon https://t.co/f7Ur1jTHQ1,1.3111057952374784e+18
18,2020-09-30 00:56:01,premium_indie,"An Ancient Sinister Evil comes face to face with Corporate Greed...
📌https://t.co/TF7r2yLw09
⭐⭐⭐⭐⭐""Fans of #supernatural #mystery #thrillers combined with chilling modern #technology will find this eminently satisfying.""
#FREE #KU
@RAGEOFWORDS
#BookBangs #mustread #amazon https://t.co/5Ygzk1Km6F",1.3111074970218906e+18
19,2020-09-30 00:54:00,GreeneEvans,"Last Chance! Would you like to win a $50 Amazon Gift Card or PayPal Deposit? Check out this easy entry Gleam giveaway for a chance to #WIN

Open Worldwide

@GooseGiveaways #wingiftcard #wincash #amazon #paypal #winmoney #sweepstakes #giveaways https://t.co/99UWshmFqt",1.3111069899683062e+18
20,2020-09-30 00:50:48,DanMillhouse,It's National Coffee Day. Good time to relax with your favorite mug and read a book by Daniel Millhouse! #NationalCoffeeDay #Books #Coffee #Java #Novels #DanielMillhouse #Amazon #Kindle #barnesandnoble #reading #fiction https://t.co/ObNoqjWvmq,1.3111061868387697e+18
21,2020-09-30 00:52:57,ChipReeseFF,This new #Amazon commercial is HYSTERICAL - 18 billion invested in helping sellers? You discontinued a majority of Amazon sellers due to postal being a mess and push your ridiculous and incompetent FBA program. Every single #AmazonSeller is LOLing at that load of shit,1.311106726893179e+18
22,2020-09-30 00:47:09,azumii_aa,"気になる本、発見！ポチりそう。。。

#本
#読書
#スピリチュアル
#マインド研究

0Rei 上 https://t.co/9oKF4AYghp #Amazon",1.3111052672583885e+18
23,2020-09-30 00:53:46,rahmat21401,"Check out my Gig on Fiverr: remove background any photo perfectly https://t.co/vW7CDc0Llf 
#backgroundremove  #removebackground #photoshop #photoediting #imagebackgroundremove #Amazon @fiverr https://t.co/PV6KqaXvwX",1.3111069308661514e+18
24,2020-09-30 00:54:04,creativemm12,"👉https://t.co/nCQYBW7Gyg  #amazon👈
💯👉Auto Follower👈💯
💯👉#自動相互フォロー👈💯

#固定RT
#Bad #Bunny #Crocs
#White #Sox
#Eric #Fisher
#500ADay
#固定ツイートRT
#1000ADay
#相互フォロー100
#TeamFollowback
#RT企画
#FollowNGain
#拡散希望RTお願いします",1.3111070073241231e+18
25,2020-12-04 16:50:25,ProcterGamble,"Everyone has the power to do SOMETHING. Tune in at 7 p.m. Dec. 10 to #TriState Strong: Getting to Zero to be inspired by how your neighbors &amp; familiar faces from health care, media and business have pulled together #TriStateStrong #GettingToZero",1.3349028910736097e+18
26,2020-09-30 00:54:32,hidesan_tv,"#おすすめ #売れ筋 #ベストセラー #マスク #消毒 #体温計 #うがい薬 #防犯 #防災 #新型コロナウイルス #熱中症 #Amazon #楽天 #楽天ROOM🌈
手ピカジェル の 【指定医薬部外品】手ピカジェル 60ml(携帯用 消毒) を Amazon でチェック！ https://t.co/uGVcn5QPFy @amazonより",1.3111071269792973e+18
27,2020-09-30 00:55:36,Albuquerque205,https://t.co/aPl1pCKMhk #Amazon #e-mails #monitoramento #Amazon Web Services #funcionários via @OlharDigital,1.311107392407511e+18
28,2020-09-30 00:56:01,eevalancaster,"An Ancient Sinister Evil comes face to face with Corporate Greed...
📌https://t.co/nBY6YUpgQ1
⭐⭐⭐⭐⭐""Fans of #supernatural #mystery #thrillers combined with chilling modern #technology will find this eminently satisfying.""
#FREE #KU
@RAGEOFWORDS
#BookBangs #mustread #amazon https://t.co/y5MADtx6Yz",1.3111074966024806e+18
29,2020-09-30 00:55:03,giocarmon,**   Il libro Noi quelli di #città a soli 25 $ -- Il libro che narra la vita degli animali in città con le fotografie -- Tutto a colori da #Amazon  -  https://t.co/qbuxqxwLUv https://t.co/DBNe9S142n,1.3111072550356705e+18
30,2020-09-30 00:47:25,820x331,"アメブロ更新♡♡
『【急ぎ】りんご5キロ半額！！』
#アメブロ #専業主婦 #りんご #アップル #クーポン #半額 #アマゾン #Amazon #お得情報 #ポイ活
 https://t.co/251s1uWrGd",1.3111053333648466e+18
31,2020-09-30 00:46:48,KeithBBQMillard,@Amazon has paid less tax than @realDonaldTrump in fact they’ve received a $129 million dollar refund. I imagine everyone will continue to support #Amazon.,1.3111051792662856e+18
32,2020-09-30 00:50:47,ClairFreebie,I love a hero and @Donna_Michaels has a great new one. Help me win #Amazon GC @FreshFiction - just share https://t.co/mJyJrk0Gb7,1.311106183495856e+18
33,2020-09-30 00:52:54,RturnofFly,"Last Chance! Would you like to win a $50 Amazon Gift Card or PayPal Deposit? Check out this easy entry Gleam giveaway for a chance to #WIN

Open Worldwide

@GooseGiveaways #wingiftcard #wincash #amazon #paypal #winmoney #sweepstakes #giveaways https://t.co/BcfGUrg7hr",1.311106714360574e+18
34,2020-09-30 00:54:00,Haidji,"""They suffered with his death-and she-she suffered with their reaction to it."" #books click on https://t.co/Jv4IfW8cgV  
 #quoteoftheday #quotes #kindleunlimited #bookquotes #read #ebook #ku  #paperback #amazon  #inspiration #haidji #goodreads #books #read #reading #booklovers https://t.co/HdflYyTERS",1.3111069898171187e+18
35,2020-09-30 00:56:01,ViperBen,"I don’t know who needs to hear this, but “case of the cd arrived cracked” on #Amazon is not an album review. https://t.co/xeVlpRc2Fr",1.3111074973279846e+18
36,2020-09-30 00:55:00,LetsStartCoding,"Did you know we have a store on #Amazon where you can browse and compare all of our #coding #kits (+ our sister brand @stemlabkids #STEM Kits)?

Check it out!

https://t.co/WmIkk2AiLD

#STEAM #STEMEducation #Shopping #products #gifts #parents #tweens #kids #science #engineering",1.3111072414543954e+18
37,2020-09-30 00:49:37,AHlavaty2,I'm in the running to win $25 PayPal cash or a $25 Amazon giftcard! #giveaway #win #sweepstakes #amazon #paypal #giftcard #contest https://t.co/GxLtAzbcd4,1.311105889458299e+18
38,2020-09-30 00:56:04,creativemm12,"👉https://t.co/J7Rt2tDhd8 #amazon👈
💯👉Auto Follower👈💯
💯👉#自動相互フォロー👈💯

#相互RT
#Tottenham #vs #Chelsea
#White #Sox
#Private #Equity
#拡散希望RTお願いします
#autofollower
#TeamFollowback
#TFW
#followermachine
#TeamFollowBack
#bts
#seventeen",1.3111075120876216e+18
39,2020-09-30 00:56:01,book_khaleesi,"An Ancient Sinister Evil comes face to face with Corporate Greed...
📌https://t.co/8YW5ZUajae
⭐⭐⭐⭐⭐""Fans of #supernatural #mystery #thrillers combined with chilling modern #technology will find this eminently satisfying.""
#FREE #KU
@RAGEOFWORDS
#BookBangs #mustread #amazon https://t.co/9nqeaTPPMg",1.3111074972777513e+18
40,2020-09-30 00:53:33,hidesan_tv,"#おすすめ #売れ筋 #ベストセラー #マスク #消毒 #体温計 #うがい薬 #防犯 #防災 #新型コロナウイルス #熱中症 #Amazon #楽天 #楽天ROOM🌈
HOME COCCI の 【Amazon限定ブランド】マスク ひんやり 4枚組 男女兼用 フィット感 耳が痛くなりを Amazon でチェック！ https://t.co/uPn2ULYF7m @amazonより",1.31110687645764e+18
41,2020-09-30 00:49:30,NegociosFintech,Los #clientes demandan que los #serviciosfinancieros (#bancos) sean como comprar en #Amazon o tomar un #Uber,1.3111058600815165e+18
42,2020-09-30 00:55:26,0LvXtJjSyiXqqx3,https://t.co/WIspt6KFmk #Amazon запускает доставку #дрон'ами. Как это будет работать https://t.co/mUWNvrDTjL,1.311107350523269e+18
43,2020-09-30 00:51:07,pounsey,@laurenboebert @AOC It doesn’t get much lower than nothing. #Amazon,1.3111062634561208e+18
44,2020-09-30 00:47:52,creativemm12,"&lt;Current Weather&gt;
Boston
Temperature: 71.06°F/ Status: clouds
👉https://t.co/gVeG6X5D3P #amazon👈
💯👉Auto Follower👈💯
💯👉#自動相互フォロー👈💯

#followermachine
#Astros
#White #Sox
#Eric #Fisher
#TFB
#followermachine
#RT企画
#TFW
#followtrick
#followergene",1.3111054483726254e+18
45,2020-09-30 00:54:23,Riyooji_Doll,"#子供の頃好きだった絵本は今の性癖に繋がってるから教えて

ゆめくい小人 (世界の絵本) https://t.co/IXHUSuaUgX #Amazon",1.3111070868733133e+18
46,2020-09-30 00:52:01,ideagirlmedia,"4 Steps To A Successful @Amazon Product Launch https://t.co/kzwSHKXuEG 

#amazon #productlaunch #ecommerce",1.3111064898813665e+18
47,2020-09-30 00:53:56,VfGoaBCrLiInilf,"Echo Dot (エコードット) 第4世代 - 時計付きスマートスピーカー with Alexa
  #amazon #Alexa #echodot 

 https://t.co/F2OJErL2FO",1.311106974445052e+18
48,2020-09-30 00:56:04,LWNovels,Shop all Wolfe titles in one conveninet # Amazon store  #Retweet #Follow #Amazon #summer #mystery #ku #amazonprime https://t.co/e6FziVRkjM,1.311107510837932e+18
49,2020-09-30 00:50:39,mypenplease,"Hire Mary @Marri10709952 to pick up the phone, apply for jobs and file #amazon returns for you, for less than $5 an hour. https://t.co/lfOlfvXeeY",1.3111061478693233e+18
,date,screen_name,tweet,tweet_id
0,2020-09-30 00:44:34,yukadalma,"新刊『着物の国のはてな』Amazon総合ランキングでまさかの２桁（最大瞬間風速）を記録。
お買い上げいただいた皆様、ありがとうございます！リアル書店でも絶賛発売中ですので、お手に取りたい方はコチラで是非。

着物の国のはてな https://t.co/pzndYjaCtQ #Amazon",1.311104618617688e+18
1,2020-09-30 00:43:35,tweets_worthy,"Discount at Checkout: Amazon has the 2020 model Apple Macbook Pro 13.3"" 10th gen Intel i5 core laptop w/ 16GB RAM 512GB SSD for $1599.99 free shipping https://t.co/4STVdrL5LD #Amazon #Apple #MacbookPro #Deals #FoundItOnAmazon https://t.co/xf2ZpAPv23",1.311104369568473e+18
2,2020-09-30 00:40:06,DuPaschoal,"Netflix vai ficar maos cara..
 Assinem a #AMAZON PRIME
Séries, filmes e ebook por R$ 9,90 por mês
Só R$ 9,90 por mês!!!!

Teste #grátis por 30 dias https://t.co/nfSiIP1Yvs https://t.co/wLV7sbtmRt",1.3111034932609393e+18
3,2020-09-30 00:46:01,CoolDealCA,"💲💰
2-Pack 16oz TheraBreath Fresh ...
#New  price $10.75

# #Deals #new #Deals #Discounts #Amazon  #Deal #ganga

 https://t.co/vBNSvAFYGL https://t.co/NVdX85E7wS",1.3111049809511465e+18
4,2020-09-30 00:40:16,Pen2PadInk,"Do you know when you’re getting played? Find out with this book “Red Flag” by Soneakqua J. White. 

https://t.co/k1uiDzWPju

#goodreads #booklovers #availablenow #readworthy #bookclub  #eyecatcher #shoutout #amazon https://t.co/0te6bxnaZj",1.3111035365587476e+18
5,2020-09-30 00:42:43,TheSlopDrop1,"Find us on #apple #iHeartRadio #Spotify #Stitcher #Anchor #TuneIn #YouTube #Amazon #ProWrestlingTees #TeeSpring #GooglePodcasts #PodBean #Twitter #Facebook #ManscapedPod #PodernFamily &amp; LOTS OF OTHER PLACES! Our Podcasts are FREE &amp; our Merch is CHEAP! ⬇️
https://t.co/kKPkIHQoi2",1.311104152513241e+18
6,2020-09-30 00:40:39,beterugift,"🚀各種ギフト券が業界最安値🚀

Amazon🤩74.8～🤩超激安🎉
iTunes🌟82％～🌟業界最安🎉
GooglePlay💫83.5％～💫業界最安🎉
nanaco🔥97.5％～🔥
楽天☀️91％～☀️

ANA・JAL株主優待券 1890円～業界最安🎉

🔽ベテルギフト
https://t.co/CStJb6oriA

#Amazonギフト券 #アマギフ #iTunes #Amazon",1.3111036308591002e+18
7,2020-09-30 00:44:46,sheffdeals,"💥AMAZON PRIME MEMBERS!💥

GET TWO Echo Dot (3rd Gen) for $39.98

Click Link Below👇
https://t.co/vahFlURcJr

Use Coupon at checkout - DOTPRIME2PK

#deals #Amazon #PresidentialDebate2020 #Debates2020 #debates #AmazonDeals #PrimeDay2020 #BlackTechTwitter #techtwitter #sheffdeals https://t.co/qqWSI9fYHc",1.3111046688193905e+18
8,2020-09-30 00:45:06,LWNovels,The struggle to find meaning in life. STORIES UNTOLD #Retweet #Follow #Amazon #summer #friends #mystery #ku #LW https://t.co/SbECsM1vjY,1.3111047499540972e+18
9,2020-09-30 00:41:32,movie_movienews,"【Amazon限定】劇場版 SPEC ~結~ 漸ノ篇 プレミアム・エディション（オリジナル絵柄Amazonギフト券付き） [Blu-ray]
#SPEC #Amazon
https://t.co/DEgXf2nPQf",1.3111038516934492e+18
10,2020-09-30 00:45:34,rakten_kaden_,"09/30 09:45

ヤーマン　洗顔器　ミーゼ　クレンズリフト　ローズ　
【楽天】14850円
【Amazon】16500円

★楽天で購入すると★
 1650円 お得（お得率11％）

↓お得な情報を一覧で確認出来るサイト
https://t.co/kMQYxgL6Rh

#楽天市場 #Amazon #お得 #せどり https://t.co/OOOSIgnAkO",1.3111048702800978e+18
11,2020-09-30 00:40:05,Beata89906930,"Product:Women Backpack Purse Leather Anti-theft Backpack Casual Bag for Girls

Price:  $75.96-----$18.99

Discount: 75% off

Code:LAPDFB2V 

Link:https://t.co/fniLl2yzIn

#amazon #amazonprime #coupon #deal #discount #sale  #amazonreview #free #freeproduct #onlineshopping https://t.co/IOpd2ViQOE",1.3111034903792476e+18
12,2020-09-30 00:40:41,CoolDealCA,"💲💰
16-Oz TheraBreath Fresh Breath...
#New  price $10.87

# #Deals #new #Deals #Discounts #Amazon  #Deal #ganga

 https://t.co/vBNSvAFYGL https://t.co/Zmmtg18DmM",1.3111036408877957e+18
13,2020-09-30 00:40:34,rakten_kaden_,"09/30 09:40

フィリップス　PHILIPS　メンズシェーバー「シ
【楽天】15363円
【Amazon】16845円

★楽天で購入すると★
 1482円 お得（お得率10％）

↓お得な情報を一覧で確認出来るサイト
https://t.co/kMQYxgL6Rh

#楽天市場 #Amazon #お得 #せどり https://t.co/G48Bl2AbgU",1.3111036102692618e+18
14,2020-09-30 00:38:57,DuPaschoal,"@olhardigital Esqueçam a netflix.. Assinem a #AMAZON PRIME
Séries, filmes e ebook por R$ 9,90 por mês 9,90!!!!!

Teste #grátis por 30 dias https://t.co/nfSiIP1Yvs",1.3111032051500114e+18
15,2020-09-30 00:45:41,Stefan_Realty,"Amazon's Ring drone flies around and patrol strange noises (hmm) when activated. Then, it casts the footage back to your phone. Amazon bizarrely calls this “privacy you can hear” (because: drone sounds). Yay or Nay?

https://t.co/J9AYpki7I8
#amazon #drone #Security #homesecurity",1.3111048981639782e+18
16,2020-09-30 00:43:18,CulturapopJ,PRIME VIDEO SE DESPEDE DAS PRODUÇÕES DO GRUPO DISNEY https://t.co/3GBXxFv9v3 via @fatosdoiguacu #Amazon #amazonprime #PrimeVideo #DisneyPlus #Disney,1.311104296361042e+18
17,2020-09-30 00:43:11,free201707,"https://t.co/nI7e3nKET2

ブログ定期的に更新中

＃せどり　＃転売　＃Amazon",1.311104268334633e+18
18,2020-09-30 00:37:56,Gaku_Music_Ch,"... 寝苦しいのは…イヤァアアアアアア！
【amazonベストセラー常連】mofuaの寝具、寝心地が最高だったので紹介します。 https://t.co/EOqn57TEUb
#モフア #mofua #Amazon #アマゾン #睡眠 #寝具 #生活用品",1.3111029484919767e+18
19,2020-09-30 00:35:42,kana_ogawa,"【ロックグラス】ベスト10
PROGRESS ロックグラス チタンミラー 日本製 ウィスキー ワイン 焼酎 ハイボール お酒がまろやかに クロス付 Infinite (Rex)
https://t.co/SnriSDTGEr #Amazon",1.3111023874703114e+18
20,2020-09-30 00:37:40,XperienceDope,"Blasting Flipp Dinero, Rich The Kid - Looking At Me (Club) right now on Pretty Dope Xperience Radio aka #BlackPandora

listen now and catch a wave!! https://t.co/VqKFopeoex  #nowplaying #np #RT  #NowStreaming #Streema Download Now #Alexa #GooglePlay #iOSAppStore #Amazon #",1.3111028823312097e+18
21,2020-09-30 00:43:01,RhondaSermon,The Midnight Society is available NOW  #kindle #kindleunlimited #amazon #ebooks #ya #fantasy #yalit #amreading https://t.co/ORLc3VAjGD,1.311104228316844e+18
22,2020-09-30 00:40:35,TheInStockRoom,"***New Deal***
16-Oz TheraBreath Fresh Breath...
New price $10.87
https://t.co/hQZjnUTKBW
#Deals #newDeals #Discounts #Amazon https://t.co/pRXJlBaSFn",1.3111036143504876e+18
23,2020-09-30 00:45:30,HBFzMrenry5YJ9S,"珍しい贈り物 メダカ めだかアート 楊貴妃 還暦 誕生日 結婚 退職 ！ プレゼント 
桧  贈り物 ハンドメイド アクアリウム 記念品 引越し祝い ギフト

#めだか #メダカ #アマゾン #Amazon #楊貴妃　#秋

https://t.co/P3ylLMqkiK @amazonJPより さんから",1.3111048526514586e+18
24,2020-09-03 18:26:48,LenovoLegion,"Lenovo Legion x @PlayApex
Now is your chance to rise above the rest. 
Unmatched performance, purposeful engineering, modern design.
Gear up with a machine as savage as you are.
Stylish outside.
Savage inside.",1.301587465258578e+18
25,2020-09-30 00:43:05,gcdjchina,"Amazon の Fire TV Stick - Alexa対応音声認識リモコン付属 
#Amazon
#FireTVStick
#Alexa
https://t.co/zzhqDtCir2",1.3111042449975296e+18
26,2020-09-30 00:35:48,kana_ogawa,"【ロックグラス】ベスト10
James Bentley（ジェームスベントレー） 【 全米大ヒット 結露しない ウイスキー グラス 】 ウィスキー グラス ＆ 丸い氷 製氷器 各２個ずつ ／ 二重構造のロックグラス 氷が長持ち [ 日本輸入正規品 ]
https://t.co/xEsd34FtPm #Amazon",1.3111024094023188e+18
27,2020-09-30 00:45:48,ConectadosRadio,"Reboot de 'Jovens Bruxas' estreia em outubro na Amazon Prime Video.

📱💻📲🍿 https://t.co/pHLY4Zt57h

#eusouconectados #rádioconectados
#streaming #primevideo #amazon #jovensbruxas #filmes #séries https://t.co/aoggXvOo87",1.3111049283461898e+18
28,2020-09-30 00:35:34,rakten_kaden_,"09/30 09:35

炊飯器 3合 一人暮らし アイリスオーヤマ 新生活
【楽天】6281円
【Amazon】6480円

★楽天で購入すると★
 199円 お得（お得率3％）

↓お得な情報を一覧で確認出来るサイト
https://t.co/kMQYxgL6Rh

#楽天市場 #Amazon #お得 #せどり https://t.co/pp7bPxYpDj",1.3111023504932823e+18
29,2020-09-30 00:35:46,steve22England,"#jacksonville #amazon
Active shooter still on scene
Number of fatalities unknown
Place your bets https://t.co/Wt7FDk9lzN",1.3111024028509676e+18
30,2020-09-30 00:36:39,kimura_books,ポスドク後、作家になった希有な理系作家さん。 円城塔 https://t.co/Z5b0p3UnSd #books #amazon,1.311102626444882e+18
31,2020-09-30 00:35:21,kana_ogawa,"【ロックグラス】ベスト10
[正規品] RIEDEL リーデル グラス ペアセット ドリンク・スペシフィック・グラスウェア ロック・グラス 283ml 6417/02 クリア
https://t.co/s6CdJav3Qi #Amazon",1.3111022992095642e+18
32,2020-09-30 00:38:31,mtbchcmt888,"ブローチピンは25個入り注文で30個美品入ってたので良き良き☺️👐
#Amazon https://t.co/fNzLc0IrjF",1.3111030957078979e+18
33,2020-09-30 00:36:31,11princessnight,"Winnia is giving away a $50 #Amazon gift card in celebration of its official launch 🎁

Enter now 👇👇 https://t.co/JhwdblTpsL @JamieJamiemay",1.3111025906508513e+18
34,2020-09-30 00:42:41,TisaLeigh70,"I’m an #Amazon customer, and I want @Amazon to give me a plastic-free packaging choice! I should not be forced to potentially pollute the oceans every time I place an order. @amazonhelp please note my file that I don’t want plastic packaging. #PlasticFreeAmazon",1.3111041450893353e+18
35,2020-09-30 00:37:21,TeriMcGill,💜💋💜 #LoveQuote #QuoteOfTheDay #MyHeartIsYours #Trilogy #Book1FREE 🤟🏼#DeafCharacters 🤟🏼#DeafHeroes🤟🏼 #AMAZON #MustRead #TBR #ContemporaryRomance #NewAdult #QUOTE @QuotesRainSite @BookSizzle @MoreNewBookInfo @NewBooks4You @TweeetYourBook_ @RWWBlog https://t.co/bG7ksEV4DD https://t.co/5GAiewIJDG,1.3111028018801295e+18
36,2020-09-30 00:37:00,mokanosuke11,"新型コロナウイルスだからお家で読書
 
子育てベスト100
「新常識×子どもに一番大事なこと」が1冊で全部丸わかり
Amazonベストセラー1位

#新型 #コロナウイルス #感染 #消毒 #厚生労働省 #自宅待機 #非常事態宣言 #読書 #本  #Amazon #アマゾン #育児 #子育て  https://t.co/nuqFashEVR",1.3111027116356076e+18
37,2020-09-30 00:40:08,4DEES_2DEES,@BJStrongArmAHo That why you NEED #Amazonprimemusic #Amazon https://t.co/TVmvvGMlwL,1.3111034995229696e+18
38,2020-09-30 00:35:32,kana_ogawa,"【ロックグラス】ベスト10
TAMAKI RCR ロックグラス TATTOO 直径8.2×高さ9.4cm 310ml イタリア製 クリア T-932018
https://t.co/CJVdspu3Qq #Amazon",1.3111023436774892e+18
39,2020-09-30 00:42:38,Beata89906930,"Product:Handbags for Women Fashion Tote Shoulder Bags

Price:  $32.99-----$14.85

Discount: 55% off with code + coupon

Code:M4MF3FMP

Link:https://t.co/n533uRpgCQ

#amazon #amazonprime #coupon #deal #discount #sale  #amazonreview #free #freeproduct #onlineshopping https://t.co/EWJIk44qGD",1.3111041302496666e+18
40,2020-09-30 00:35:36,deana_dietrich,Check Out This #AdamDark #StarterLibrary #Giveaway! #Amazon #KindleUnlimited #Fantasy https://t.co/WoI3oxfvBq,1.311102358399656e+18
41,2020-09-30 00:40:45,creativemm12,"#中村 和孝 の 深田恭子写真集 Brand new me
https://t.co/wk0U1kWUnz
#固定ツイートRT
#온라인셀러
#amazon
#Eric #Trump
#Life #BBC #drama
#元朗護老院",1.3111036545652982e+18
42,2020-09-30 00:45:55,TheInStockRoom,"***New Deal***
2-Pack 16oz TheraBreath Fresh ...
New price $10.75
https://t.co/hQZjnUTKBW
#Deals #newDeals #Discounts #Amazon https://t.co/0WAaHTSmzZ",1.3111049571946086e+18
43,2020-09-30 00:41:04,XperienceDope,"Blasting ASAP Ferg - Value (Club) right now on Pretty Dope Xperience Radio aka #BlackPandora

listen now and catch a wave!! https://t.co/VqKFopeoex  #nowplaying #np #RT  #NowStreaming #Streema Download Now #Alexa #GooglePlay #iOSAppStore #Amazon #",1.3111037362075075e+18
44,2020-09-30 00:36:02,Nick_Barnes,FEND 351 CLS PIK CNFTI HVY/144 https://t.co/8f8JcXvMyz #Amazon,1.311102468382765e+18
45,2020-09-30 00:45:29,anana0424,"📣いよいよ10月から値上がりですよ～📣

【新ジャンル】

🍺キリン 本麒麟[500ml×24本]🍺

#Amazon
➡https://t.co/xnV8tvsXOI

楽天市場　爽快ドリンク専門店
➡https://t.co/WLcsW27Jc7",1.3111048494176543e+18
46,2020-09-30 00:35:27,kana_ogawa,"【ロックグラス】ベスト10
アデリア ロックグラス クリア 375ml シュピゲラウパーフェクトサーブ オールドグラス 12オンス クリスタルガラス製 J-4065
https://t.co/VJEVlYmTOk #Amazon",1.3111023213176996e+18
47,2020-09-30 00:35:37,kana_ogawa,"【ロックグラス】ベスト10
Luigi Bormioli(ルイジ ボルミオリ) ウイスキー255ml LU30
https://t.co/B0UeWCtqcq #Amazon",1.3111023656137114e+18
48,2020-09-30 00:38:05,renascencemusic,"A collective experience. The #solstice brings my newest album ""2440 Millenial"" available on #Amazon at https://t.co/UAkQHu3fM6 #chillout relax",1.311102987201282e+18
49,2020-09-30 00:42:27,kil995,I'm in the running to win $25 PayPal cash or a $25 Amazon giftcard! #giveaway #win #sweepstakes #amazon #paypal #giftcard #contest https://t.co/V3nYAOzTYd,1.3111040857188352e+18
,date,screen_name,tweet,tweet_id
0,2020-09-30 00:35:04,INDIEBOOKSOURCE,"BOOKS BY
https://t.co/fvceGw4y7S
ROMANCE AUTHOR TAMARA FERGUSON
#Books #IARTG #Kindle #Amazon #ReadIndie #indieauthors #ian1 #AuthorUpRoar  #Authors #mybookagents @Tammysdragonfly @KissedByFate2 
#Romance https://t.co/KBl3bR0IKM",1.3111022277260739e+18
1,2020-09-30 00:33:49,XperienceDope,"Blasting Follow our IG @prettydopexperience - New Hits Everyday! right now on Pretty Dope Xperience Radio aka #BlackPandora

listen now and catch a wave!! https://t.co/VqKFopeoex  #nowplaying #np #RT  #NowStreaming #Streema Download Now #Alexa #GooglePlay #iOSAppStore #Amazon #",1.3111019127674388e+18
2,2020-09-30 00:30:46,best_deals_US,"Grab this while on sale
Pyramex Intruder Safety Eyewear, Infinity Blue Frame, Infinity Blue-Hardcoated Lens

Offer price: $1.18 (36% OFF!)
Retail: $1.84

https://t.co/45kXaxEmjy

#Amazon #free #WednesdayWisdom https://t.co/DKGSgE0a5j",1.3111011447273513e+18
3,2020-09-30 00:29:39,kakicchysmusic6,https://t.co/MaMFRamliO: A Major Music *remix: kakicchysmusic: MP3 Downloads https://t.co/LbvkDUHWpD #Amazon #Prime,1.3111008632056627e+18
4,2020-09-30 00:31:10,mtbchcmt888,"Amazonで50個入り注文したけど49個しか入ってなかった…😩😩😩
残念すぎる😩😩😩

#Amazon https://t.co/5SfQydpnCY",1.3111012446230856e+18
5,2020-09-30 00:27:16,202bqn2,あんさんぶるスターズ！ オフィシャルワークス https://t.co/LGzkvj5qIH #Amazon,1.3111002618180076e+18
6,2020-09-30 00:30:37,yuki_nagase,"【ワイングラス】ベスト10
東洋佐々木ガラス タンブラー ウォーターバリエーション 12 360ml 日本製 食洗機対応 T-24104HS
https://t.co/sa1svX3uO8 #Amazon",1.3111011078845809e+18
7,2020-09-30 00:33:14,spotthedealuk,#Amazon #UK Deals The Holiday: The bestselling Richard and Judy #BookClub #thriller #Kindle Edition &gt; https://t.co/5FXesXPk4U #Reading #ebooks #Books https://t.co/hHBPh6UI6K,1.3111017632110264e+18
8,2020-09-30 00:30:48,yuki_nagase,"【ワイングラス】ベスト10
[正規品] RIEDEL リーデル 赤ワイン グラス ペアセット ヴィノム ピノ・ノワール(ブルゴーニュ) 700ml 6416/07
https://t.co/HS30lE0XzL #Amazon",1.3111011521680343e+18
9,2020-09-30 00:30:18,CoolDealCA,"144HZ #Gaming Monitor  #Deals!! 💻

Acer 23.6in - 

AOC 24in -  

#freebies #deals #deal #moneysaver #greatdeal #steals #discount #sale #bargain #bargainhunter #bargainshopper #cheap #bestprice #Amazon  #Deals #giveaway #Deal #ganga

 https://t.co/cJWBodH0BL https://t.co/27dgVxg24H",1.3111010262383698e+18
10,2020-09-30 00:29:46,RonakPatni5,#amazonquiz #AmazonSpinAndWin #OnePlus #GREATINDIANFESTIVAL #Amazon.in https://t.co/RiMSUSQzy4,1.3111008925783409e+18
11,2020-09-30 00:30:58,jamiltdavis,"Bose QuietComfort Noise Cancelling Earbuds are now available:

Amazon -  https://t.co/O6wW5NcDP5
Best Buy - https://t.co/iDYqKl8JqM

#BoseEarbuds #Bose #QuietComfort #BoseQCEarbuds #Audio #Amazon #BestBuy",1.3111011925424579e+18
12,2020-09-30 00:30:27,yuki_nagase,"【ワイングラス】ベスト10
東洋佐々木ガラス ワイングラス ディアマン 365ml 日本製 食洗機対応 RN-11236CS
https://t.co/8NFZNpZJmn #Amazon",1.311101063806681e+18
13,2020-09-30 00:34:30,Nick_Barnes,"Used for 351 different instruments

Fender 351 Shape Classic Picks (12 Pack) for electric guitar, acou... https://t.co/1XFM7Gumak #Amazon",1.3111020838447596e+18
14,2020-09-30 00:30:06,yuki_nagase,"【ワイングラス】ベスト10
東洋佐々木ガラス ワイングラス 725ml パローネ ブルゴーニュ 日本製 食洗機対応 RN-10285CS
https://t.co/NpeirgFXjs #Amazon",1.3111009756800737e+18
15,2020-09-30 00:35:13,Nick_Barnes,"98.5% chance your a cop if you own even 1 of these

Fender 355 Shape Guitar Picks, Thin, 12 Pack, Shell https://t.co/5hWqN5KCGA #Amazon",1.3111022635412767e+18
16,2020-09-30 00:27:31,202bqn2,あんさんぶるスターズ！ オフィシャルワークス vol.2 https://t.co/KOgIWyRQGT #Amazon,1.3111003273958646e+18
17,2020-09-30 00:30:03,amazon_rankinQ,"【オーバーイヤーヘッドホン】
Sennheiser ゼンハイザー MOMENTUM Wireless M3AEBTXL BLACK Bluetooth...
￥48,000
https://t.co/8iuyT0tf7H
#amazon",1.3111009623757537e+18
18,2020-09-30 00:30:40,SorabGhaswalla,Exciting times. Stuff that we hitherto saw only in the movies are now coming true in real life. The 'Amazon One' new payment way introduced today is one such. Read about it on my website. #digital #ecommerce #onlinepayments #Amazon @amazon https://t.co/cua2mSRqNW,1.3111011168855613e+18
19,2020-09-30 00:35:02,marticamp,Official USA Salux cloth site beats #amazon prices unless you want a FAKE one.  #free same day ship'g on all orders &amp; no membership required.  https://t.co/4CeTdoiV4Q #covid_19 #washyourhands https://t.co/eZjStk5NGb,1.311102218251182e+18
20,2020-09-30 00:29:06,creativemm12,"👉https://t.co/bhyvavjljC #amazon👈
💯👉Auto Follower👈💯
💯👉#自動相互フォロー👈💯

#500ADay
#Tottenham #vs #Chelsea
#White #Sox
#Private #Equity
#固定RT
#followtrick
#FollowBack
#FollowNGain
#followermachine
#TeamFollowBack
#bts
#seventeen",1.3111007262239293e+18
21,2020-09-30 00:35:11,kana_ogawa,"【ロックグラス】ベスト10
ドウシシャ 丸氷 製氷器 大人の透明まる氷 2個 直径6cm
https://t.co/DAdXNFNBrr #Amazon",1.3111022554629734e+18
22,2020-09-30 00:30:32,yuki_nagase,"【ワイングラス】ベスト10
★スヴァルカ / SVALKA 赤ワイングラス ／ 6 ピース[イケア]IKEA(40137812)
https://t.co/OHCca9CNDJ #Amazon",1.3111010858602578e+18
23,2020-09-30 00:30:01,yuki_nagase,"【ワイングラス】ベスト10
[正規品] RIEDEL リーデル 赤ワイン グラス ペアセット オヴァチュア レッドワイン 350ml 6408/00
https://t.co/DzCZaqyIXf #Amazon",1.3111009537355162e+18
24,2020-09-30 00:30:43,yuki_nagase,"【ワイングラス】ベスト10
[正規品] RIEDEL リーデル 赤ワイン グラス ペアセット リーデル・オー ピノ・ノワール/ネッビオーロ 690ml 0414/07
https://t.co/RQnnZNx8OO #Amazon",1.3111011302192947e+18
25,2020-09-30 00:35:16,kana_ogawa,"【ロックグラス】ベスト10
東洋佐々木ガラス オンザロック 245ml フェザーカット 日本製 食洗機対応 B-30109-C702
https://t.co/WAe8XuwZtU #Amazon",1.3111022772942807e+18
26,2020-09-30 00:34:37,Uber1800,"Nintendo Switch Lite（ニンテンドー　スイッチ） コーラル
https://t.co/N8FjxPJhiT #Amazon",1.3111021140729364e+18
27,2020-09-30 00:30:14,StephenPriceDC,"Beat inflammation with Bio-Relieve, drug-free. #painrelief #biorelieve #amazon #drprice #biologicnutrients https://t.co/yyFeohVh2I",1.3111010111681987e+18
28,2020-09-30 00:32:37,JiHyun42,This ia #Amazon's assets being laundered to raise kidnapped kids. Jeff Bezos to open a free preschool for children from low-income families in October https://t.co/x2DvPqp96W via @Yahoo,1.3111016106601103e+18
29,2020-09-30 00:33:53,hoeyhooper1,"Last Chance! Would you like to win a $50 Amazon Gift Card or PayPal Deposit? Check out this easy entry Gleam giveaway for a chance to #WIN

Open Worldwide

@GooseGiveaways #wingiftcard #wincash #amazon #paypal #winmoney #sweepstakes #giveaways https://t.co/iUQm4NXdgy",1.3111019273341092e+18
30,2020-09-30 00:30:35,HALOnizm,"#Amazon #アレクサ #Alexa #スマート家電 #AmazonEcho
本日、車につけられるAmazon Echo「Echo Auto」の発売日です！

https://t.co/gBMRM2FWhQ",1.3111010982377226e+18
31,2020-09-30 00:27:14,JesusFraileArda,"IEEEorg: #Amazon One is a new #contactless payment method right in the palm of your hand. The new device scans your palm for authentication using your biometric data during checkout at stores. Learn more about it: 
https://t.co/SAfJ1x9WdP",1.3111002564452352e+18
32,2020-09-30 00:30:01,Isis_writes,"""...a wonderfully fast-paced #dystopain that keeps you engrossed till you are done reading."" #Amazon Reviewer ★★★★★ 
Judge for yourself. Grab your copy at #ibooks, #nook, and everywhere else: https://t.co/RSLGq2eiJb  

#reading #whattoread https://t.co/GRakLJRQCx",1.3111009538656543e+18
33,2020-09-30 00:30:39,spotthedealuk,#Amazon #UK 🇬🇧 Deal Of The Day: 20% off BONE BROTH Concentrates &gt; https://t.co/dwkhS01axf #Recipes #Cooking https://t.co/2tBpkVPqq8,1.3111011158160507e+18
34,2020-09-30 00:35:06,kana_ogawa,"【ロックグラス】ベスト10
東洋佐々木ガラス オンザロックグラス 275ml ニュードーリア 日本製 食洗機対応 07116HS
https://t.co/L1LbavoMG7 #Amazon",1.3111022332876472e+18
35,2020-09-30 00:30:18,buybooks_amazon,#BestBooks #Amazon #Leadership : THE FUTURE OF THE PROFESSIONS: HOW TECHNOLOGY WILL TRANSFORM THE WORK OF --&gt; https://t.co/OAe0Woba5d,1.3111010249296855e+18
36,2020-09-30 00:34:38,fortnitepapa,"おはようございます☀

今日も頑張るぞー！

昨日は寝ちゃってフォトナあまり出来なかったから今日はやりたい✨

#フォートナイト
#エンジョイ勢
#ps5           
#ps4
#Amazon
#欲しい物リスト
#建築バトル
#フォロバ100
＃ゲーム
#フォートナイトおじさん",1.3111021156164403e+18
37,2020-09-30 00:30:16,yuki_nagase,"【ワイングラス】ベスト10
オーシャン ワイングラス ホワイトワイン 350ml マディソン 1015W12 6個セット
https://t.co/Jkyd5BY7hZ #Amazon",1.3111010199761551e+18
38,2020-09-30 00:35:05,LWNovels,#Free for #Amazon #Prime - read Wolfes LAS VEGAS GIRL #Retweet #G1 #home #SocialMedia #win #giveaway #kindle https://t.co/cgvlcsOQ2Y,1.3111022301085368e+18
39,2020-09-30 00:30:11,colossal_l,"Amazon’s new security drone pushes the boundaries of surveillance, again https://t.co/IXrQJfn6YZ #security #amazon #surveillance",1.3111009974319514e+18
40,2020-09-30 00:35:00,mokanosuke11,"新型コロナウイルスだからお家でパソコン

LG モニター ディスプレイ 35インチ/フレームレス曲面型ウルトラワイド

#新型 #コロナウイルス #感染 #消毒 #自宅待機 #おすすめ #Amazon #アマゾン #LG #ディスプレイ #モニター #曲面 #ウルトラワイド https://t.co/hdKgo3x183",1.3111022084279992e+18
41,2020-09-30 00:32:03,domadomad,【DS】デビルサバイバー2 【特典】 伊藤賢治 by アトラス https://t.co/d5LOQ2E　 #amazon,1.3111014680704778e+18
42,2020-09-30 00:30:33,rakten_kaden_,"09/30 09:30

アルインコ コードレス首マッサージャー もみたいむ
【楽天】8980円
【Amazon】9800円

★楽天で購入すると★
 820円 お得（お得率9％）

↓お得な情報を一覧で確認出来るサイト
https://t.co/kMQYxgL6Rh

#楽天市場 #Amazon #お得 #せどり https://t.co/BOQ12VxYxv",1.3111010905076285e+18
43,2020-09-30 00:30:11,yuki_nagase,"【ワイングラス】ベスト10
東洋佐々木ガラス タンブラー 325ml スプリッツァーグラス しおり付き 日本製 食洗機対応 B-45102HS-JAN-P 3個入り
https://t.co/DiVPLekOiV #Amazon",1.311100997675004e+18
44,2020-09-30 00:35:00,kana_ogawa,"【ロックグラス】ベスト10
ダ・ヴィンチクリスタル オールドファッション PRATO プラト ギフトボックス付
https://t.co/v0ZZ5zZCe5 #Amazon",1.3111022114060083e+18
45,2020-09-30 00:30:07,XperienceDope,"Blasting Buddy - Shine right now on Pretty Dope Xperience Radio aka #BlackPandora

listen now and catch a wave!! https://t.co/VqKFopeoex  #nowplaying #np #RT  #NowStreaming #Streema Download Now #Alexa #GooglePlay #iOSAppStore #Amazon #",1.3111009818333307e+18
46,2020-09-30 00:30:54,MoGalore,"Best Books of the Month: Mystery, Thriller &amp; Suspense on #AMAZON
https://t.co/6jPBCZhl6b",1.3111011797793382e+18
47,2020-09-30 00:28:29,Siddhan27528469,I played this interesting Quiz on Amazon https://t.co/QtOX6smmLP #Amazon,1.3111005685684306e+18
48,2020-09-30 00:30:22,yuki_nagase,"【ワイングラス】ベスト10
[正規品] RIEDEL リーデル 白ワイン グラス ペアセット リーデル・オー リースリング/ソーヴィニヨン 375ml 0414/15
https://t.co/YH9CaQdxMK #Amazon",1.3111010418914427e+18
49,2020-09-30 00:35:08,CoolDealCA,"Highly Rated Portable Bluetooth Speaker for $22.99!!

#freebies #deals #deal #moneysaver #greatdeal #steals #discount #sale #bargain #bargainhunter #bargainshopper #cheap #bestprice #Amazon  #Deals #giveaway #Deal #ganga

 https://t.co/ZTDPOscoty https://t.co/FAVG8Lmtn3",1.3111022441300378e+18
,date,screen_name,tweet,tweet_id
0,2020-09-30 00:18:51,whipsandchurros,"Fun for an In-Home #Halloween #Party with the #kids  #NightmareBeforeChristmas Operation Game 
#Amazon &gt; https://t.co/dl6nWMJ5sH #Disney Fans https://t.co/dxPQ6h0H91",1.3110981437615555e+18
1,2020-09-30 00:21:58,titrespresse,(https://t.co/d2nXwBhcP0): #Amazon introduit le paiement sans contact avec la paume de la main : Ce système sera dans un premier temps déployé dans ses deux supérettes de Seattle.. https://t.co/RHszKFVkyC https://t.co/Q1WI6NviE8,1.3110989292499108e+18
2,2020-09-30 00:23:13,TheNerdChambers,"ICYM the live stream!!

#Amazon #Microsoft

https://t.co/MT0c9VAS6L",1.3110992448210575e+18
3,2020-09-30 00:19:55,sue_skyheart,"I almost crashed my laptop 4 times creating this darn scene, but it looks 🔥🔥. #Animator #filmmaker Book 1 available on #amazon 🎬 script written, it is slightly different from the books. Book 2 will be out in early Oct. Film Production begins in November. ✌🏼 https://t.co/Axz9zEkMlF",1.311098411823833e+18
4,2020-09-30 00:25:44,allthingssvegan,"Amazon prime is awesome 👌🏼
#Amazon #amazonprime
#AmazonDeals #Amazonギフト券 #AmazonPrimeDay

https://t.co/GHJt1o12py",1.3110998779133952e+18
5,2020-09-30 00:26:14,vmarketingsite,"Lovely wooden wall clock makes a perfect birthday gift idea!

https://t.co/UTjH4C5asq……

  #Amazon #AmazonPrime #clock #clocks #homedecorideas #giftidea  #clock   #giftidea",1.31110000121335e+18
6,2020-09-30 00:15:26,greg_ashman,The Power of Explicit Teaching and Direct Instruction https://t.co/VIEt8JEqYW #Amazon,1.3110972841305334e+18
7,2020-09-30 00:25:28,digiworldnative,Amazon’s new way to pay is like magic: just raise your palm.  Check out what the new 'Amazon One' is all about. #digital #ecommerce #paymentgateway #online #Amazon https://t.co/PPZYzEdmY0  https://t.co/DdqpLnj9YK https://t.co/jCzUNBKbEH,1.311099809537962e+18
8,2020-09-30 00:16:12,Flipinvesti,"📈 A #Amazon foi criada em 1994 por Jeff Bezzos em Seattle (EUA) e abriu o seu capital em 1997. 

Veja o post na Integram em nosso instagram @flipinvestimentos

.
#bolsadevaloresamericana #investirnoseua #bdr #etf https://t.co/0Gzjs9U37G",1.31109747916168e+18
9,2020-09-30 00:17:06,wlls_j,Opens @Amazon music...oh yes another set of songs have been moved to amazon unlimited music. Cool. Thanks guys 🙄 #amazon #amazonmusic #dontipayenoughalready #trollsworldtourwaspartiallytakenfrommykids #thinkofthechildren #andtheirparents #why #itsrude,1.311097702751572e+18
10,2020-09-30 00:21:38,DomainFrank,"https://t.co/mCtiQhJO54
#Amazon #Audiobook #Word #Vocabulary https://t.co/pKxRUwbi1v",1.311098847653802e+18
11,2020-09-30 00:17:20,TenikkaANjax,BREAKING: #Amazon #Jacksonville https://t.co/oVOGj6XxBq,1.3110977631746785e+18
12,2020-09-30 00:19:01,BEST300BOT,ヴィヴァルディ／フルート協奏曲集　【第１位】⇒https://t.co/hzaI6DP4Y8 #amazon #bot 【第２位】アント二ーニ(bfl)イル・ジャルディーノ・アルモニコ〈90〉,1.3110981869880197e+18
13,2020-09-30 00:26:54,creativemm12,"👉https://t.co/gN30Dxbmne  #amazon👈
💯👉Auto Follower👈💯
💯👉#自動相互フォロー👈💯

#相互RT
#Astros
#Eric #Trump
#Private #Equity
#1000ADay
#RT企画
#相互フォロー100
#followermachine
#固定ツイートRT
#500ADay
#followergenerator
#TFW",1.3111001711999836e+18
14,2020-09-30 00:23:57,XperienceDope,"Blasting Fredo Bang, Tee Grizzley - Like A Gee (Club) right now on Pretty Dope Xperience Radio aka #BlackPandora

listen now and catch a wave!! https://t.co/VqKFopeoex  #nowplaying #np #RT  #NowStreaming #Streema Download Now #Alexa #GooglePlay #iOSAppStore #Amazon #",1.3110994287412224e+18
15,2020-09-30 00:22:32,byLilyV,"Get #IT #CERTIFIED 
One lesson, four #AWS certificates!
Enrol https://t.co/MTTCw6V3Vu
#cloudcomputing #amazon #cloud #certification https://t.co/87yWu9O4T2",1.3110990730012918e+18
16,2020-09-30 00:17:15,ggerbasi2,"I’m an #Amazon customer, and I want @Amazon to give me a plastic-free packaging choice! I should not be forced to potentially pollute the oceans every time I place an order. @amazonhelp please note my file that I don’t want plastic packaging. #PlasticFreeAmazon @oceana",1.3110977433356575e+18
17,2020-09-30 00:18:49,brettallent,"Johnny Silversmith is a half-Ute Park Ranger with supernatural powers. His knowledge of a Ute legend may be the only thing that can help a group fight for their lives and save the souls of Copper Creek.
 #mustread #Amazon #Kindle  #writerscommunity https://t.co/EhUFrLd96c",1.3110981385144484e+18
18,2020-09-30 00:27:06,itsyaboiNB912,"check out my single ""Put it on me"" on #Amazon https://t.co/ytURDaH620",1.3111002193130045e+18
19,2020-09-30 00:25:33,rakten_kaden_,"09/30 09:25

日立 コードレススチームアイロン CSI−307−
【楽天】5390円
【Amazon】5391円

★楽天で購入すると★
 1円 お得（お得率0％）

↓お得な情報を一覧で確認出来るサイト
https://t.co/kMQYxgL6Rh

#楽天市場 #Amazon #お得 #せどり https://t.co/hdOrJmwHmC",1.3110998305638646e+18
20,2020-09-30 00:24:43,_mis_ter_e_,"Make #Superman LEGO portraits !!!

#dccomics #HenryCavill #christopherreeve #batman #benaffleck #dcfandome #JusticeLeague #JusticeLeagueSnyderCut #JusticeLeagueTheSnyderCut #amazon #kindlebooks #kindleunlimited #kindle
https://t.co/x9oMoi2N7y",1.3110996200644567e+18
21,2020-09-30 00:16:17,aliko792,"ZEESEA(ズーシー)（日本語正規品）大英博物館アリス•ドリームランドシリーズ アイシャドウパレット（12色）01ハート女王+02... https://t.co/LsLMDPRAk9 #Amazon
セットで、20%オフだよ！",1.311097497696088e+18
22,2020-09-30 00:15:06,lynwhitehead,Deals of the day!! https://t.co/QAjp1UY1cw #deals #shopping #amazon,1.3110972017084047e+18
23,2020-09-30 00:20:32,rakten_kaden_,"09/30 09:20

炊飯器 一人暮らし 3合 RC-MC30送料無料 
【楽天】6380円
【Amazon】6480円

★楽天で購入すると★
 100円 お得（お得率2％）

↓お得な情報を一覧で確認出来るサイト
https://t.co/kMQYxgL6Rh

#楽天市場 #Amazon #お得 #せどり https://t.co/sQYjOi721Q",1.3110985705739346e+18
24,2020-09-30 00:24:59,TenkaraS,"#Amazon #amazonprime #FridayReads #BookGiveaway #MustRead #LitChat #StoryFriday #MustRead #TeaserTues 
#Kindle #Nook #bookbloggers #bookreviewer 
#BookReviews #readwithus #amreading #youngadultbooks #yabooks #yabooklovers #ghoststories #paranormal #inspirationalbooks #Inspiration https://t.co/iyNe1UjdlU",1.311099690440487e+18
25,2020-09-30 00:19:33,gitaro9,"https://t.co/aGu1C9dBMf
#ibiza #electro #techno #club #テクノ #art #popart #芸術 #絵 #soundcloud #music #beatport #itunes   #絵画 #アート #写真 #photo #spotify #東京 #大阪 #福岡 #amazon  #Apple Music   #Google Play Music #RecMusic #AWA 
#LINE MUSIC #Amazon",1.3110983212603556e+18
26,2020-09-03 18:26:48,LenovoLegion,"Lenovo Legion x @PlayApex
Now is your chance to rise above the rest. 
Unmatched performance, purposeful engineering, modern design.
Gear up with a machine as savage as you are.
Stylish outside.
Savage inside.",1.301587465258578e+18
27,2020-09-30 00:25:02,MacShops,"2020 13"" 4-Core Gold #Apple #MacBook Air for $1199 at #Amazon, $100 off MSRP. Free ship. https://t.co/kY5QwPe8uh",1.3110997005279928e+18
28,2020-09-30 00:24:02,AlicanteMKT,¿Cuánto dinero hay que invertir para empezar con un #Producto propio en #Amazon? https://t.co/eWjyU7E9cF vía @carlosbravo,1.3110994502705848e+18
29,2020-09-30 00:25:09,CoolDealCA,"Best Selling 18-Piece Glass Food Storage Containers for $26.99!!

#freebies #deals #deal #moneysaver #greatdeal #steals #discount #sale #bargain #bargainhunter #cheap #bestprice #Amazon  #Deals #giveaway #Deal #ganga

 https://t.co/PSfHXtUNj0 https://t.co/FQwZwYprNK",1.3110997298377318e+18
30,2020-09-30 00:18:49,atribeiro,"Suporte para Notebook
R$45,42   Entrega GRÁTIS Prime
Compre aqui: https://t.co/70ulMUvEbn

#suporte #notebook #amazon",1.311098136958468e+18
31,2020-09-30 00:17:02,doblellave,#Innovación | #Amazon presentó sistema para pagar con la palma de la mano https://t.co/rZnmISMoX3,1.3110976893550182e+18
32,2020-09-30 00:24:04,RetroGameSearch,"Street Fighter Video Martial Arts #Arcade Game Cool Kids Adult T-Shirt Tee #Amazon #US #RetroGaming #RetroGames #RetroGameSearch
🔗 https://t.co/j6dOggKXL2 *",1.3110994582566134e+18
33,2020-09-30 00:25:35,cOS_Sephia,Glorious Model O-(59g) (Glossy White)small https://t.co/ndUZlPJLft #Amazon 誰か買ってください,1.3110998396025528e+18
34,2020-09-30 00:24:24,vmarketingsite,"Grey digital wall clock ⏰ with calendar display makes a great birthday gift 🎁 idea.

https://t.co/egzXycqhmu
 
  #Amazon #AmazonPrime #clock #clocks #homedecorideas #giftidea  #clock   #giftidea",1.3110995421300982e+18
35,2020-09-30 00:26:23,Hormigadigital,"#Amazon extiende su asistente de compras

https://t.co/vaZ9igPHFd https://t.co/f7tzlVpkpu",1.3111000421960049e+18
36,2020-09-30 00:26:03,Richtopia,Mission Command – A Military Concept Winning Big in Corporate America https://t.co/Ss68G5udUQ #actiontheoryphilosophy #amazon #bestbuy #changemanagement #corporation #decisionmaking #ronfriedman,1.3110999591948493e+18
37,2020-09-30 00:15:32,rakten_kaden_,"09/30 09:15

【お買い物マラソンP2倍。25日はP5倍】【送料無
【楽天】6565円
【Amazon】7700円

★楽天で購入すると★
 1135円 お得（お得率17％）

↓お得な情報を一覧で確認出来るサイト
https://t.co/kMQYxgL6Rh

#楽天市場 #Amazon #お得 #せどり https://t.co/gVaXnVCFgt",1.311097310634369e+18
38,2020-09-30 00:26:12,SolTaylorRdL,"Más de 2.000.000 de #eBooks vendidos en todo el planeta en 16 idiomas 
¡Autor español más vendido de la historia en formato digital!

LINK OFERTA #Kindle AQUÍ ► https://t.co/0QzVHFcDmC

#Amazon #Kobo #iTunes #GooglePlay #thiller #terror #novelanegra @merylaso https://t.co/NRUt3bde65",1.3110999943012475e+18
39,2020-09-30 00:15:08,BradPorcellato,"Hey #America, need #ACG, #BigDog, #ClubCar, #Cushman, #EZGO, #Garia, #Melex, #StarEV, #Tomberlin &amp; #Yamaha, #GolfCar / #UtilityVehicle Parts and Accessories? Think #Amazon! Click for the best prices and delivery options. https://t.co/j8BXEtDy6E https://t.co/rVb12HAOQr",1.3110972108143002e+18
40,2020-09-30 00:26:18,Younes42900304,"75% off.
Use code 75C4UKB5.
Smart Watch - 321OU Fitness Tracker Support Make/Answer Phones Checking Messages Heart Rate Monitor .

 https://t.co/axDy89iojz /?tag=lpd-twitter-20

#amazon #deals #discount #offer https://t.co/noRsd18L8A",1.3111000181877883e+18
41,2020-09-30 00:20:18,creativemm12,"&lt;Current Weather&gt;
Chicago
Temperature: 56.55°F/ Status: clouds
👉https://t.co/rjfiA8mkQ3 #amazon👈
💯👉Auto Follower👈💯
💯👉#自動相互フォロー👈💯

#固定RT
#Tottenham #vs #Chelsea
#White #Sox
#Meghan #McCain
#f4f
#followtrick
#拡散希望RTお願いします",1.3110985119249818e+18
42,2020-09-30 00:22:16,eastcoastmissy,"What other group can you expand your income by thousands and still receive nice little rewards? 

DM me if you want to learn more 🎉

#westcoastdealz #Entrepreneur #amazon #eBay https://t.co/JLOseRRakd",1.3110990043321467e+18
43,2020-09-30 00:23:29,MichaelRBodner,"Just so that we’re clear —#Amazon wants us to take nudes and send them in, our palm print, and to have drone cameras in our house. Man I love Prime delivery, but this company is scary!! https://t.co/AtzCmxKqeH",1.311099310961025e+18
44,2020-09-30 00:20:09,CoolDealCA,"#iPhone Charger MFi Certified Lightning Cable 5-Pack for $8.99!!

#freebies #deals #deal #moneysaver #greatdeal #steals #discount #sale #bargain #bargainhunter #cheap #bestprice #Amazon  #Deals #giveaway #Deal #ganga

 https://t.co/dzvFWIUdpU https://t.co/kH3DEq2fph",1.3110984703301386e+18
45,2020-09-30 00:23:17,catandolivro,"📚 CORTE DE ESPINHOS E ROSAS - VOL. 1
📌 De: R$ 49,90
✨Por: R$ 29,79 (40% de desconto) +  FRETE GRATIS assinando Amazon Prime.  Assine aqui:  https://t.co/6qR5bdzvU5 

🏪 Loja: #Amazon
✅ Compre aqui: https://t.co/ytBWedCUum

Aproveitem. O preço está muito bom !

#acotar #books",1.3110992606461583e+18
46,2020-09-30 00:23:24,vmarketingsite,"Magnificent mantel clock 🕰 makes an excellent Birthday Day gift 🎁 idea.

https://t.co/mtqbQ2EnS2

#Amazon #AmazonPrime #clock #clocks #homedecorideas #giftidea  #clock   #giftidea",1.3110992904173363e+18
47,2020-09-30 00:26:54,uketoricancel,"#無断受取拒否なくそう
ネット、通販ショップ運営者の必需品✨
無料で無断受取拒否リスクの対策なら
https://t.co/Mg8HrRc0LI

#ミンネ #楽天 #ヤフー #メルカリ #ラクマ #amazon",1.3111001697697423e+18
48,2020-09-30 00:20:08,CoolDealCA,"Perfect Outdoor Movie Set-up only $100 🔥

Projector - 
Screens - 

#freebies #deals #deal #moneysaver #greatdeal #steals #discount #sale #bargain #bargainhunter #bargainshopper #cheap #bestprice #Amazon  #Deals #giveaway #Deal #ganga

 https://t.co/Q6VE2NjPwQ https://t.co/1oBUwwxoPt",1.3110984677423718e+18
49,2020-09-30 00:16:07,SolTaylorRdL,"Más de 2.000.000 de #eBooks vendidos en todo el planeta en 16 idiomas 
¡Autor español más vendido de la historia en formato digital!

LINK OFERTA #Kindle AQUÍ ► https://t.co/0QzVHFcDmC

#Amazon #Kobo #iTunes #GooglePlay #thiller #terror #novelanegra @merylaso https://t.co/LY72bJcimF",1.3110974588108513e+18
,date,screen_name,tweet,tweet_id
0,2020-09-30 00:15:05,paul_cude,"One young dragon's selfless determination will be tested like never before https://t.co/dHnwezwluf #fantasybooks #YAFantasy #fantasyreads #AmazonKindle #KindleUnlimited #teens #Amazon #dragons #monsters #booknerd #amreading #alwaysreading 
#booksbooksbooks #booknookstagram https://t.co/8xlF27fr4E",1.311097199321809e+18
1,2020-09-30 00:13:53,Donaldverger,Love - Rare Blues &amp; Aqua Sea Glass Heart Poster Print. 11x14 Great f... https://t.co/vvDpxsSmnH #Amazon,1.3110968951047905e+18
2,2020-09-30 00:14:40,Donaldverger,"2021 Aqua Sea Glass Heart, Elegant One Page, Fine Art Wall/Desk Arti... https://t.co/dR7gdr2W4X #Amazon",1.31109709273208e+18
3,2020-09-30 00:06:56,jenkers_en,#Amazon Defends Warehouse Safety Following Report On Injuries https://t.co/lgCjTWcjUQ https://t.co/fwY5wU8jjt,1.311095147304751e+18
4,2020-09-30 00:07:10,best_deals_US,"Hot seller:
Blue Giraffe Mom Life Car Decal - 7'' Cute Bumper Sticker for Your Car

Offer price: $1.10 (72% OFF!)
Retail: $3.99

https://t.co/vlHLqbW1LM

#Amazon #deals #RT https://t.co/35TysDGmpX",1.3110952066079498e+18
5,2020-09-30 00:14:02,Donaldverger,"LOVE. Sea Glass Heart Poster Print From The Heart Collection, 11x14 ... https://t.co/nRGIgdo4UO #Amazon",1.3110969348416758e+18
6,2020-09-30 00:07:44,AmazonCoin_io,"AmazonCoin ⬇
$AMA ➡ $0,0179

👉👉 https://t.co/GydSZXKIno 🌿

#amazoncoin #amazon #nature #decentralized #green #cryptocurrencies #cryptocurrency #crypto #defi #dex #cryptonews #ethereum #ether #eth #blockchain #coin #token #ico #tokensale #startup #bitcoin  #btc $BTC $ETH https://t.co/AUqGjYggO4",1.3110953457330422e+18
7,2020-09-30 00:15:03,gitaro9,"https://t.co/lvO8Ov0dJD
#ibiza #electro #techno #club #テクノ #art #popart #芸術 #絵 #soundcloud #music #beatport #itunes   #絵画 #アート #写真 #photo #spotify #東京 #大阪 #福岡 #amazon  #Apple Music   #Google Play Music #RecMusic #AWA 
#LINE MUSIC #Amazon https://t.co/wjob6MSeCF",1.311097189675004e+18
8,2020-09-30 00:06:42,SolTaylorRdL,"LA NIEVE MÁS OSCURA 
Sexta entrega de la saga del agente especial del FBI #EthanBush 
Un asesino en serie siembra el #terror en la despoblada Montana...
OFERTA #Kindle AQUÍ&gt;&gt; https://t.co/p8UmAzJcoy
@enriquelaso @merylaso

#kindleunlimited #kindle #amazon #novelanegra #thriller https://t.co/VdoYZRchUk",1.3110950864790364e+18
9,2020-09-30 00:09:25,slidurgaming,"#videogames #twitch #twitchstreamer #twitchaffiliate #twitchtv #codmw #gaming #gamers #modernwarfare #CallofDutyModernWarfare #cod #smallstreamer #callofduty #gamer #BattleRoyale #SmallStreamerCommunity #winning #Amazon #giftcard #giveaway starting now!
https://t.co/1AU1tVkdPy https://t.co/cISlYITicG",1.3110957729565696e+18
10,2020-09-30 00:10:10,CoolDealCA,"Wingback Leather Recliner Chair for $109.99!! (Retail: $249.99)

#freebies #deals #deal #moneysaver #greatdeal #steals #discount #sale #bargain #bargainhunter #bargainshopper #cheap #bestprice #Amazon  #Deals #giveaway #Deal #ganga

 https://t.co/VxJsBdrxnS https://t.co/Z3gaiP3M5Y",1.311095958885798e+18
11,2020-09-30 00:15:00,shadowconn,Prescription Personalized Coffee Mug - 11 o... by Current for $17.99 https://t.co/T4syrTzsNs via #amazon,1.3110971751543194e+18
12,2020-09-30 00:07:09,XperienceDope,"Blasting Bone Thugs-N-Harmony - Weed Song right now on Pretty Dope Xperience Radio aka #BlackPandora

listen now and catch a wave!! https://t.co/VqKFopeoex  #nowplaying #np #RT  #NowStreaming #Streema Download Now #Alexa #GooglePlay #iOSAppStore #Amazon #",1.3110952017217085e+18
13,2020-09-30 00:15:00,daniellimas,💲🖐️ #Amazon cria maquininha que permite pagamentos com a leitura da palma da mão https://t.co/oWydnBegyw Via @GizmodoBR  #WearAMask  #coronavirus #COVID19 😷↔️😷  #FiqueEmCasa,1.3110971754015744e+18
14,2020-09-30 00:11:14,RetroMix1079,"Now, you can listen on #Amazon #Alexa! Enable the Live365 Skill here: https://t.co/OVdbMqxh7J. Then say  ''Alexa, play Live365.''  When she asks which station, say  ''Play Retro Mix.'' #Live365 #80s #90s",1.3110962304922296e+18
15,2020-09-30 00:10:09,CoolDealCA,"1080P Waterproof WiFi Home Security Surveillance #Camera for $36.99!!

#freebies #deals #deal #moneysaver #greatdeal #steals #discount #sale #bargain #bargainhunter #bargainshopper #cheap #bestprice #Amazon  #Deals #giveaway #Deal #ganga

 https://t.co/gwSlQBA5z5 https://t.co/744Slze1YC",1.3110959564614533e+18
16,2020-09-30 00:06:55,PointOtokuInfo,"https://t.co/FrfZ9TIFBh

YAMAHAのYAS-108で、今までのテレビやゲームの音質がグレードアップしました。ただ、隣の部屋へ響くと思ってあんまり音量が上げられないｗ
#amazon #ポイ活 #ちりつも",1.3110951425776312e+18
17,2020-09-30 00:14:26,Donaldverger,LOVE - Rain Sea Glass Heart Poster Print. 11x14. Best Quality Gifts ... https://t.co/BScz93K9hP #Amazon,1.311097033521062e+18
18,2020-09-30 00:09:10,bmurphypointman,#amazon #amazonprime #Amazonspecials #prime Need to make money? Save money while shopping? Get discounts on travel? Check out my website https://t.co/vBHLD11zwQ,1.3110957084481823e+18
19,2020-09-30 00:07:23,smcherrix,"Last Chance! Would you like to win a $50 Amazon Gift Card or PayPal Deposit? Check out this easy entry Gleam giveaway for a chance to #WIN

Open Worldwide

@GooseGiveaways #wingiftcard #wincash #amazon #paypal #winmoney #sweepstakes #giveaways https://t.co/WtFmgGh9HQ",1.3110952575940403e+18
20,2020-09-30 00:06:03,MalikUm55846064,"Latest Chess Set 2020.
Free for USA Amazon reviewers
Full refund after review.
If anyone is interested, kindly DM me
#amazon #amazonreviews #amazonreviewer #amazonreviews #freetestingproduct #amazonproductreviews #amazondeals #amazonfashion #amazonfba #amazonseller #chessset https://t.co/TgXlgyM2Ve",1.3110949234883666e+18
21,2020-09-30 00:09:23,northop_v,"@RaphaelleRL @alicecoffin @CorineFaugeron @LGBT_EELV @unefemme2022 @FeminismeEELV @JoelleMorel11 @EcoloLogique @Csagaspe @Sol_la_la_la Surprenant la disponibilité du chef d’œuvre sur #Amazon 
Pour des écolos anticapitalistes il faudrait un peu de cohérence...
Bouffons du clan @EELV 😂😂😂
@yjadot il faut mettre de l’ordre. Très vite! 😇🙄",1.3110957620807475e+18
22,2020-09-30 00:14:51,XperienceDope,"Blasting Wiz Khalifa - The Kid Frankie right now on Pretty Dope Xperience Radio aka #BlackPandora

listen now and catch a wave!! https://t.co/VqKFopeoex  #nowplaying #np #RT  #NowStreaming #Streema Download Now #Alexa #GooglePlay #iOSAppStore #Amazon #",1.3110971402870784e+18
23,2020-09-30 00:08:29,sougo_review,"お金をもらいレビューすることは海外でも問題になっている

#Amazon #レビュー #アマゾン #副業 #アマゾンレビュー #amazonレビュー #レビュー募集 #レビューアー #レビュー募集",1.3110955380628193e+18
24,2020-09-30 00:08:47,dalahast_jp,"echo autoしれっと明日到着になっとる。。。今日じゃないのか。
#amazon #echoauto",1.311095609802199e+18
25,2020-09-30 00:09:51,BillyTrunks,【#活動代謝量】普段の生活内で #カロリー消費 を増やすことが #ダイエット へ一番の近道。#階段 や #歩く距離 を増やすなどを増やせばお手軽 #エクササイズ に早変わり。 #筋肉量 を増やせば同じ運動量でも #活動代謝量 は増加します！【#Amazon】https://t.co/0xhFBdjH0D,1.3110958786780529e+18
26,2020-09-30 00:10:32,rakten_kaden_,"09/30 09:10

デロンギ 電気ケトル「アイコナ・ヴィンテージ　コレ
【楽天】6664円
【Amazon】6727円

★楽天で購入すると★
 63円 お得（お得率1％）

↓お得な情報を一覧で確認出来るサイト
https://t.co/kMQYxgL6Rh

#楽天市場 #Amazon #お得 #せどり https://t.co/Qn5cRnjLB0",1.3110960505437676e+18
27,2020-09-30 00:11:15,XperienceDope,"Blasting Bizzy Bone - The Roof Is On Fire right now on Pretty Dope Xperience Radio aka #BlackPandora

listen now and catch a wave!! https://t.co/VqKFopeoex  #nowplaying #np #RT  #NowStreaming #Streema Download Now #Alexa #GooglePlay #iOSAppStore #Amazon #",1.3110962339986678e+18
28,2020-09-03 18:26:48,LenovoLegion,"Lenovo Legion x @PlayApex
Now is your chance to rise above the rest. 
Unmatched performance, purposeful engineering, modern design.
Gear up with a machine as savage as you are.
Stylish outside.
Savage inside.",1.301587465258578e+18
29,2020-09-30 00:09:59,Stephen_Collard,Which domain knowledge areas are essential for today’s IT pros? Share it with @Devolutionsinc and you could win a $25 #Amazon gift card! https://t.co/zRF6kHXLzJ,1.311095913566417e+18
30,2020-09-30 00:14:14,Donaldverger,"2021 Summer Lupines, Elegant One Page, Fine Art Wall or Desk Artist ... https://t.co/lhcwRF9Tzp #Amazon",1.3110969849174794e+18
31,2020-09-30 00:12:00,kohjijapan,"【レビュー募集案件】

#体重計
#体組成計

乗るだけで、体重や体脂肪率、BMI、内臓脂肪など計ることができます。
スマホと連携ができて、自動的に記録できます。
体の変化を数字で追跡できるので、健康維持や体形管理に役立ちます。

#Amazon
#Amazonレビュー
#レビュー募集中
#レビュアー https://t.co/cpdIxZLkFx",1.3110964201081364e+18
32,2020-09-30 00:06:40,AAfelizma16,Skechers Work Oswald - Balder https://t.co/d1I6ghkj8n #Amazon. @JennyRogers1310,1.3110950792857231e+18
33,2020-09-30 00:08:30,vmarketingsite,"Stylish Grandfather Wall Clock That Chimes Makes A great birthday gift idea.🙂

https://t.co/FXlS8Qf4ZC

 #Amazon #AmazonPrime #clock #clocks #homedecor #gift",1.311095540323672e+18
34,2020-09-30 00:13:03,hanada1045,"シートのサイドステーです。

BRIDE (ブリッド) シートレール用オプションパーツ【 サイドステー 】(FGタイプ用) A03NPO https://t.co/32HYfRthzz #Amazon",1.3110966842821714e+18
35,2020-09-30 00:14:29,k27dde7857udkwv,沢田研二と阿久悠、その時代 https://t.co/Ju4AxMY28T #Amazon,1.3110970451810304e+18
36,2020-09-30 00:13:17,creativemm12,"#Metene の 電動歯ブラシ 歯ブラシ Metene 音波歯ブラシ ソニック 5つのモード 替えブラシ5本 収納ケース 携帯便利 IP X7防水 オートタイマー機能 低ノイズ Micro USB 充電式 日本語説明書付き (ブラック)
https://t.co/8D18NrNXd2
#TeamFollowBack
#미국구매대행
#amazon
#White #Sox
#Maria",1.3110967427843686e+18
37,2020-09-30 00:13:42,Donaldverger,Donald Verger Photography Fine Art Note Cards. Elegant Sea Glass Hea... https://t.co/5hFQqm7v4O #Amazon,1.3110968502886072e+18
38,2020-09-30 00:10:30,kaosuke4,"＼　Amazonプライムデー　／

🔥開催日　10月13・14日🔥

🐷📣事前エントリー
⏩https://t.co/OJAv6wb5Y4

🐷📣12日までに1000以上買うと1000㌽🔙
⏩https://t.co/f5mqg9X5Zr

🐷📣スタンプラリーで運試し🔥
⏩https://t.co/XJCpTVH4E1

＃Amazon　＃お買い得情報",1.3110960422600335e+18
39,2020-09-30 00:05:47,kana_ogawa,"【キッチン用品】ベスト10
iwaki(イワキ) 耐熱ガラス ボウル 丸型 5個セット PSC-BO-40N
https://t.co/BOUlJWYuM3 #Amazon",1.3110948587658895e+18
40,2020-09-30 00:13:10,blogosum,"#Amazon for travellers: Paraffin Outdoor Canvas Backpack for Men and Women

 https://t.co/rAq7wN58oe

 #amazondeals #deals #gadgets #travel #giftguide #gift #giftidea #backpack #fabric #canvas #bag #retro https://t.co/SnxFeTcXOJ",1.311096716335231e+18
41,2020-09-30 00:14:45,sergetowers,Doesn’t @wonderwarrior71 look awesome i. His Amazon tee?! You can get it in my shop! Link in bio!               #xmen #amazon #storm #wonderwoman #xmenapocalypse #amazonas #starwars #wonderwomanmovie #marvel #amazonprime #xmenfanstshirts #wonderwomanfilm #xmendaysoffuturepast https://t.co/Ul31wanma0,1.3110971152594944e+18
42,2020-09-30 00:05:42,kana_ogawa,"【キッチン用品】ベスト10
ナガオ 燕三条 キッチンツールセット 4本 フライ返し おたま トング ヘラ ブラック 日本製
https://t.co/YXJPVFkNVN #Amazon",1.31109483686323e+18
43,2020-09-30 00:06:44,CGBSenado,"#SabíasQue #Apple, #Google y #Amazon han anunciado cambios de precios para los clientes empresariales, con el objetivo específico de compensar el impuesto a los servicios digitales en algunos países.
Lee más sobre los #ImpuestosDigitales:
📄https://t.co/f5tPV0RlaA https://t.co/v1Yx6uIHsW",1.311095097057063e+18
44,2020-09-30 00:07:56,Goldenlogos1,"@TheBestOnAmazon 

Do you #need #product #packaging #design for your #business, #company #website,, #hospital, , #shop and #ebay #amazon , #shopify store or any other purposes. Here is the best seller on #fiverr Now you are in right place.

https://t.co/pKN4dOs20T",1.3110953961904128e+18
45,2020-09-30 00:06:52,bot_bot365,"Amazon Prime会員　今なら30日間無料！！
特典１　お急ぎ便が使い放題の無料
特典２　Prime Video、Musicが使える！！
↓
https://t.co/q6xn5Mexkx

＃amazon",1.3110951291097047e+18
46,2020-09-30 00:10:59,aliko792,"ZEESEA(ズーシー)（日本語正規品）大英博物館アリス•ドリームランドシリーズ アイシャドウパレット（12色）03桃色フラミンゴ ... https://t.co/hiQ5pmEdSw #Amazon

なんと20%オフだよ！",1.3110961647924306e+18
47,2020-09-30 00:14:22,Siddhan27528469,I played this interesting Quiz on Amazon https://t.co/N5sGIqfkon #Amazon,1.3110970182033408e+18
48,2020-09-30 00:10:55,vmarketingsite,"Charming Pendulum wall clock You Love to give as a birthday gift 🎁.

https://t.co/Vk1AKi1m7q

#Amazon #AmazonPrime #clock #clocks #homedecor #gift",1.3110961490514043e+18
49,2020-09-30 00:07:04,LeddyHarper,"🌟🌟🌟FAMOUS BY ASSOCIATION is #live 🌟🌟🌟
Amazon: https://t.co/Usm7GCMEvu

#newrelease #amazon #kindleunlimited #kindlebooks #romance #romancebooks #romancereads #bookstagram #booksbooksbooks #mustread #mustreadbooks #celebrity #celebrityromance #sister #sistersister #twins https://t.co/9zAxBPpPVL",1.311095180041302e+18
,date,screen_name,tweet,tweet_id
0,2020-09-30 00:05:38,Toni21713725,#Amazon#again a mistake https://t.co/MhBJpCVo1M,1.3110948173262725e+18
1,2020-09-30 00:00:32,yuki_nagase,"【デザイン小物】ベスト10
デコレ(Decole) デザイン小物 バスケット 約60×47×h45mm みっちり猫小物入れ ZHD-59966
https://t.co/Y5Uz2iMjU3 #Amazon",1.3110935352952013e+18
2,2020-09-30 00:00:36,shinchaku,【発売日：2020/09/26】異世界チート魔術師(9) (角川コミックス・エース)  https://t.co/PGauuUYFtg #amazon,1.3110935526345687e+18
3,2020-09-30 00:00:36,shinchaku,【発売日：2020/09/18】ホリミヤ 15巻 (デジタル版Gファンタジーコミックス)  https://t.co/shcF6ODcZO #amazon,1.3110935514685563e+18
4,2020-09-30 00:00:48,yuki_nagase,"【デザイン小物】ベスト10
ハシートップイン デザイン小物 おやすみライト こぐま/ブラウン 12.6×11.5×16.5cm EX-3036
https://t.co/Nghlkrx7kq #Amazon",1.311093601229656e+18
5,2020-09-30 00:04:03,djimenez_0255,"Here is a short preview of my Amazon clone with the payment page for the days #22-30 of the #100daysofcodechallenge 

#cleverprogrammer #React #FullStack #FullStackDeveloper #webdesign #Amazon #webdevelopment https://t.co/gvTEKIutkl",1.3110944223065661e+18
6,2020-09-30 00:03:26,Goldenlogos1,"@devin5glasper Do you #need #product #packaging #design for your #business, #company #website,, #hospital, , #shop and #ebay #amazon , #shopify store or any other purposes. Here is the best seller on #fiverr Now you are in right place.

https://t.co/pKN4dOs20T",1.3110942641436017e+18
7,2020-09-30 00:00:29,shinchaku,【発売日：2020/08/28】「会社四季報」業界地図 2021年版  https://t.co/tLBnbA8RVG #amazon,1.3110935221965578e+18
8,2020-09-30 00:00:37,yuki_nagase,"【デザイン小物】ベスト10
ヤマソロ(Yamasoro) デザイン小物 ブルー 幅40×奥行33×高さ100cm 宅配ボックス付きポスト eldy-エルディー- 73-840
https://t.co/FTN7cJqPYY #Amazon",1.311093557231407e+18
9,2020-09-30 00:05:27,kana_ogawa,"【キッチン用品】ベスト10
ダイヤコーポレーション KCラップ&amp;ペーパーホルダーDX ホワイト 日本製
https://t.co/rRm4ThTqsQ #Amazon",1.3110947711720325e+18
10,2020-09-30 00:05:31,rakten_kaden_,"09/30 09:05

パロマ PA-S42H-L-13A スタンダード 
【楽天】18480円
【Amazon】20694円

★楽天で購入すると★
 2214円 お得（お得率12％）

↓お得な情報を一覧で確認出来るサイト
https://t.co/kMQYxgL6Rh

#楽天市場 #Amazon #お得 #せどり https://t.co/Mb7aNDoQMF",1.3110947902560911e+18
11,2020-09-30 00:05:42,_vidarica_,"Leitura finalizada #66 de 2020: Zadig ou o Destino, de Voltaire.
#leitura #livro #kindle #amazon #ebook #voltaire em Babilônia https://t.co/hzo2HtvqfK",1.3110948357056758e+18
12,2020-09-30 00:05:11,kana_ogawa,"【キッチン用品】ベスト10
みじん切り器 電動 チョッパー フードプロセッサー 野菜カッター みじん切りカッター
https://t.co/4ApEQjRjOW #Amazon",1.3110947056528097e+18
13,2020-09-30 00:00:31,rakten_kaden_,"09/30 09:00

掃除機 コードレス 紙パック 紙パック式 スティッ
【楽天】9970円
【Amazon】10194円

★楽天で購入すると★
 224円 お得（お得率2％）

↓お得な情報を一覧で確認出来るサイト
https://t.co/kMQYxgL6Rh

#楽天市場 #Amazon #お得 #せどり https://t.co/DpNYqP6pth",1.3110935300271596e+18
14,2020-09-30 00:05:13,theDisguiseGuy,"Explain to me why we need to bail out @USPS ? They can't even figure out how not to damage a box and the contents inside. Like seriously, how do you feel good about delivering a box like this? #ridiculous #defundUSPS #2020worstyear #deliveryIsNotHard #Amazon #fedex @FedEx @amazon https://t.co/nK3ZZqs6Eo",1.3110947132235407e+18
15,2020-09-30 00:05:24,atribeiro,"➡️ Cadeira Presidente Giratória, Mymax

💲 R$399,00    Frete GRÁTIS Prime

👇 Clique no link para comprar
🛒 https://t.co/83RZHum7LG

#amazon #cadeiradeescritorio #homeoffice",1.311094761906897e+18
16,2020-09-30 00:05:16,kana_ogawa,"【キッチン用品】ベスト10
パール金属 食器 水切り かご 水が流れる トレー付 ヨコ置き タイプ グレー アルデオ H-5687
https://t.co/uB5FzFEdkV #Amazon",1.3110947274883195e+18
17,2020-09-30 00:00:56,Kimagure_A,"デスクのスペースも幅狭だから、これにしようかと思ってます。
んー、どうなんだろ？

HUANUO モニターアーム 2画面 デュアル ディスプレイアーム 13~27インチ対応 耐荷重1-8kg クランプ式 VESA10... https://t.co/xGoLslXyWO #Amazon",1.31109363459115e+18
18,2020-09-30 00:04:01,toyhypeusacom,"#Hasbro #MarvelLegends #Avengers Joe Fix-It Hulk Build-A-Figure Wave Shipping September 30th On #Amazon

Details and links to buy - https://t.co/NpctQHJsvP

Direct link - https://t.co/v90peFucrV

#Marvel #Figlife #ActionFigures https://t.co/6p09ZHaRrM",1.3110944122823434e+18
19,2020-09-30 00:04:24,yuwa_jun_0830,"えぇ、Amazonから嵐5×20のライブDVD発送メール来たけど、値段が安くなってるのは…何故？

#Amazon 
#嵐5x20",1.31109451070174e+18
20,2020-09-30 00:02:55,SalaciousSquid,Join me in asking @FP_Champagne not to reward the destruction of the #Amazon! 🔥🔥 Immediately halt the Canada-Mercosur free trade deal &gt;&gt; #ActForAmazon #ClimateAction @GreenpeaceCA https://t.co/vSEPqqXNxP,1.3110941352737219e+18
21,2020-09-30 00:02:01,domadomad,(PS3)アーマード・コア5 ARMORED CORE V 【特典付き】 予約受付中！ https://t.co/HkGmHm0WT8　　#AC #PS3 #xbox #videogame #followmejp #amazon,1.311093909922087e+18
22,2020-09-30 00:00:42,yuki_nagase,"【デザイン小物】ベスト10
イシグロ デザイン小物 グリーン φ13×H21 モザイクランプ クリムト グリーン 21203
https://t.co/pI6WKU5fp7 #Amazon",1.311093579276718e+18
23,2020-09-30 00:03:34,Goldenlogos1,"@_Meyx Do you #need #product #packaging #design for your #business, #company #website,, #hospital, , #shop and #ebay #amazon , #shopify store or any other purposes. Here is the best seller on #fiverr Now you are in right place.

https://t.co/pKN4dOs20T",1.3110943004536955e+18
24,2020-09-30 00:05:41,ensquimica,"➡️ Cadeira Presidente Giratória, Mymax

💲 R$399,00    Frete GRÁTIS Prime

👇 Clique no link para comprar
🛒 https://t.co/YYeLPqOLt3

#amazon #cadeiradeescritorio #homeoffice",1.3110948315492147e+18
25,2020-09-30 00:03:37,CosmoLife8,#Halloween Decorating Time! https://t.co/GvreP13KAY via @YouTube #amazon,1.3110943100335227e+18
26,2020-09-30 00:03:15,INTsushinsha,"『逆境こそわが人生: 道なき道を行く、ルートイングループ』Kindle版
https://t.co/7WRmnYy919 #Kindle #Amazon #電子ブック
日本最大級の総合ホテルチェーン「ルートイングループ」のビジネス戦略とは。",1.3110942209380762e+18
27,2020-09-30 00:00:35,shinchaku,【発売日：2020/09/07】ゆるふわ農家の文字化けスキル　～異世界でカタログ通販やってます～ 2巻 (デジタル版ガンガンコミックスＵＰ！)  https://t.co/mRRNaD0oGL #amazon,1.3110935501598884e+18
28,2020-09-30 00:03:24,frfggv2,#ebay #amazon #lexmark #seller #sell #youtube #trend #girls #buy #views #comment #like #retweet #mercari #offerup  https://t.co/lcoxC3w4aF,1.3110942560403825e+18
29,2020-09-30 00:00:35,shinchaku,【発売日：2020/08/20】宇宙兄弟（３８） (モーニングコミックス)  https://t.co/jYzTMdPoCK #amazon,1.3110935477608653e+18
30,2020-09-30 00:03:10,Goldenlogos1,"Do you #need #product #packaging #design for your #business, #company #website,, #hospital, , #shop and #ebay #amazon , #shopify store or any other purposes. Here is the best seller on #fiverr Now you are in right place...

https://t.co/pKN4dOs20T",1.3110941991529103e+18
31,2020-09-30 00:01:03,quixote77,"Decision Points on the Journey to Holiness - New Book now on #Amazon- Read the intro, #John316author https://t.co/S4MWRts1jT",1.3110936675039683e+18
32,2020-09-30 00:03:53,Goldenlogos1,"@kaliaaj Do you #need #product #packaging #design for your #business, #company #website,, #hospital, , #shop and #ebay #amazon , #shopify store or any other purposes. Here is the best seller on #fiverr Now you are in right place.

https://t.co/pKN4dOs20T",1.3110943794785403e+18
33,2020-09-30 00:04:06,mokusakurock,"クーポン、5%かと思ったら50%だったから思わず買ってしまった

モニターアーム 2画面 デュアル ディスプレイアーム ガススプリング式 17~32インチ対応 耐荷重2-9kg グロメット式＆ク... https://t.co/fVL4ZLbnk0 #Amazon",1.3110944349440164e+18
34,2020-09-30 00:05:05,INDIEBOOKSOURCE,"BOOKS BY
https://t.co/rR5XTMSzdC
AUTHOR THE BLACK ROSE
#Books #IARTG #Kindle #Amazon #ReadIndie #indieauthors #ian1 #AuthorUpRoar  #Authors  @theblackrosenyc https://t.co/q5BRf4lV0B",1.3110946797447946e+18
35,2020-09-30 00:00:34,shinchaku,【発売日：2020/09/25】くま　クマ　熊　ベアー １６【電子版特典付】 (PASH! ブックス)  https://t.co/s2m3KsBaYl #amazon,1.3110935425976033e+18
36,2020-09-30 00:00:37,Go2Tubebular,#Nudism #Nudist #Purenudism # article (Where to Sell #Restricted Items? A ...) #Trump2020 #Nextdoor #Visit  - https://t.co/mTlvPALLlp #Amazon #AmazonFba #AmazonSeller #App #Asin #Beginners #Bulqcom #Business #Collectible #Collector #Craigslist #Easy #Ebay #EbayProfits #Etsy -,1.3110935553565983e+18
37,2020-09-30 00:00:35,shinchaku,【発売日：2020/09/23】鬼灯の冷徹(31) (モーニング KC)  https://t.co/4ADWB8uCMU #amazon,1.311093548914221e+18
38,2020-09-30 00:03:48,Goldenlogos1,"@queenxelise Do you #need #product #packaging #design for your #business, #company #website,, #hospital, , #shop and #ebay #amazon , #shopify store or any other purposes. Here is the best seller on #fiverr Now you are in right place.

https://t.co/pKN4dOs20T",1.31109435952631e+18
39,2020-09-30 00:05:37,kana_ogawa,"【キッチン用品】ベスト10
アイリスオーヤマ フライパン 鍋 6点 セット 26cm 20cm ガス火専用 ih 非対応 ふた ダイヤモンドコートパン レッド 取っ手の取れる H-GS-SE6
https://t.co/KPPbTPjZdY #Amazon",1.3110948149773066e+18
40,2020-09-30 00:05:01,kana_ogawa,"【キッチン用品】ベスト10
【https://t.co/u4EfhPUCmC限定】 アイリスオーヤマ フライパン 鍋 セット ガス火/ IH対応 9点 ダイヤモンドコート シルバー 軽量 こびりつかずにお手入れ簡単 H-IS-SE9
https://t.co/cVEJfTDo54 #Amazon",1.3110946619314422e+18
41,2020-09-30 00:03:02,XperienceDope,"Blasting 2 Chainz - OG Kush Diet right now on Pretty Dope Xperience Radio aka #BlackPandora

listen now and catch a wave!! https://t.co/VqKFopeoex  #nowplaying #np #RT  #NowStreaming #Streema Download Now #Alexa #GooglePlay #iOSAppStore #Amazon #",1.3110941655104635e+18
42,2020-09-30 00:05:21,kana_ogawa,"【キッチン用品】ベスト10
iwaki(イワキ) 耐熱ガラス 保存容器 ピンク 4個セット パック&amp;レンジ PS-PRN-4P2
https://t.co/1jIURUusDG #Amazon",1.3110947493449277e+18
43,2020-09-30 00:05:09,CoolDealCA,"Sun Joe Electric Leaf Blower only $17.24!!

#freebies #deals #deal #moneysaver #greatdeal #steals #discount #sale #bargain #bargainhunter #cheap #bestprice #Amazon  #Deals #giveaway #Deal #ganga

 https://t.co/NQZRpWFtew https://t.co/NXQ78mHzAT",1.3110946977299702e+18
44,2020-09-30 00:03:43,Goldenlogos1,"@wherethefijiat Do you #need #product #packaging #design for your #business, #company #website,, #hospital, , #shop and #ebay #amazon , #shopify store or any other purposes. Here is the best seller on #fiverr Now you are in right place.

https://t.co/pKN4dOs20T",1.3110943346875924e+18
45,2020-09-30 00:00:53,ITIC_MarcelloS,"#LG #Smart #TVs now have access to #Amazon Music App.

Read here: https://t.co/EnuE8Jv8qJ",1.311093622989824e+18
46,2020-09-30 00:04:12,Goldenlogos1,"@shaydakblack Do you #need #product #packaging #design for your #business, #company #website,, #hospital, , #shop and #ebay #amazon , #shopify store or any other purposes. Here is the best seller on #fiverr Now you are in right place.

https://t.co/pKN4dOs20T",1.3110944571738604e+18
47,2020-09-30 00:03:30,Goldenlogos1,"@bthevibee Do you #need #product #packaging #design for your #business, #company #website,, #hospital, , #shop and #ebay #amazon , #shopify store or any other purposes. Here is the best seller on #fiverr Now you are in right place.

https://t.co/pKN4dOs20T",1.3110942841839903e+18
48,2020-09-30 00:05:04,AmazonS50686248,"Latest Chess Set 2020.
Free for USA Amazon reviewers
Full refund after review.
If anyone is interested, kindly DM me
#amazon #amazonreviews #amazonreviewer #amazonreviews #freetestingproduct #amazonproductreviews #amazondeals #amazonfashion #amazonfba #amazonseller #chessset https://t.co/RI2iyIOLae",1.3110946744431206e+18
49,2020-09-30 00:03:50,USonDeals,"TOGUARD Uber Dual Dash Cam Full HD 1080P+1080P Inside and Outside Car Camera Dash Cams 3"" [16% discount] https://t.co/XN6WETe7Ss #Amazon #DealsOnElectronics https://t.co/ST8LjtJqMr",1.3110943677052764e+18
,date,screen_name,tweet,tweet_id
0,2020-09-30 00:00:01,yuki_nagase,"【デザイン小物】ベスト10
セトクラフト デザイン小物 ホワイト 6W×5.5L×11.5Hcm
https://t.co/S2pTMXivXh #Amazon",1.3110934035521167e+18
1,2020-09-30 00:00:27,yuki_nagase,"【デザイン小物】ベスト10
デコレ(Decole) デザイン小物 NT 32.5×2.2×H25cm 猫のペグボード PG-61901
https://t.co/r3OEN2Rwy9 #Amazon",1.3110935133925376e+18
2,2020-09-30 00:00:04,YabRock,Invitation / #JacoPastorius https://t.co/HgvpS0Ahv4 #Jazz #アマゾン #Amazon #AmazonJP,1.3110934174981734e+18
3,2020-09-30 00:00:00,AlphaRepricer,"Learn about the most effective ways of sourcing products on Amazon!

https://t.co/xxc0Kj4BGC

#Amazon #AmazonRepricer #AlphaRepricer #amazonseller #OnlineSellers #cheapestrepricer #logistic #fbasellers #USA #California #NewYork #Florida #Washington #Virginia #Texas #LosAngeles",1.31109340025976e+18
4,2020-09-30 00:00:25,shinchaku,【発売日：2020/09/04】SPY×FAMILY 5 (ジャンプコミックスDIGITAL)  https://t.co/gRldJdS36L #amazon,1.311093507348603e+18
5,2020-09-30 00:00:27,shinchaku,【発売日：2020/09/25】くま　クマ　熊　ベアー（コミック）５ (PASH! コミックス)  https://t.co/5HC31qubfK #amazon,1.3110935153598382e+18
6,2020-09-30 00:00:11,yuki_nagase,"【デザイン小物】ベスト10
キーストーン デザイン小物 カーキ Φ17.2×D9.5×H20.5cm マーキュリー リーラー5M MERE5MKH
https://t.co/JYaXtkHAtO #Amazon",1.3110934474119946e+18
7,2020-09-30 00:00:13,mpjgddgwpaw,"2020年9月30日9時の気になるアマゾンデバイス売り上げランキングは？

 こちら↓
 https://t.co/47s8ROHEx1 

#Amazon #アマゾン #ガジェット #ランキング #firetvstick #FireTabet #Kindle #Echo #Alexa #Echoshow",1.3110934560731546e+18
8,2020-09-30 00:00:18,buybooks_amazon,"#BestBooks #Amazon #Leadership : THE PRODUCTIVITY PROJECT: ACCOMPLISHING MORE BY MANAGING YOUR TIME, ATTENTION, --&gt; https://t.co/Fji04c6W7c",1.3110934750439916e+18
9,2020-09-30 00:00:06,yuki_nagase,"【デザイン小物】ベスト10
収納ポーチ トラベルポーチ PC周辺 デジタル バッグ モバイル収納ケース 携帯 防水 出張 旅行対応 ゲレー
https://t.co/krKckfF3ut #Amazon",1.3110934254589297e+18
10,2020-09-30 00:00:16,yuki_nagase,"【デザイン小物】ベスト10
山二(Yamani) デザイン小物 ブラウン H28×W18×D21cm わんぱく! おさるのシンバルくん 9510
https://t.co/7BQbORuZuY #Amazon",1.3110934692391117e+18
11,2020-09-30 00:00:21,yuki_nagase,"【デザイン小物】ベスト10
アッシュコンセプト (h concept) デザイン小物 ホワイト W7×D18×H9 リモココ DA-1230-WH
https://t.co/hnn6CAPidq #Amazon",1.311093491330474e+18
